@string{lncs="LNCS"}

@inproceedings{aliasing04,
  title={Local reasoning, separation and aliasing},
  author={Bornat, R. and Calcagno, C. and Oâ€™Hearn, P.},
  booktitle={SPACE},
  volume={4},
  year={2004}
}

@article{hoare2008separation,
  author    = {Tony Hoare and
               Peter W. O'Hearn},
  title     = {Separation Logic Semantics for Communicating Processes},
  journal   = {ENTCS},
  volume    = {212},
  year      = {2008},
  pages     = {3-25},
  ee        = {http://dx.doi.org/10.1016/j.entcs.2008.04.050},
  bibsource = {DBLP, http://dblp.uni-trier.de}
}

@article{singularity,
  author    = {Galen C. Hunt and
               James R. Larus},
  title     = {Singularity: rethinking the software stack},
  journal   = {Operating Systems Review},
  volume    = {41},
  number    = {2},
  year      = {2007},
  pages     = {37-49},
  ee        = {http://doi.acm.org/10.1145/1243418.1243424},
  bibsource = {DBLP, http://dblp.uni-trier.de}
}

@misc{msl,
  title={Mechanized Semantic Library},
  author = {Appel, Andrew W. and Dockins, Robert and Hobor,  Aquinas},
  url = {http://msl.cs.princeton.edu/},
  year = 2009
}

@inproceedings{grainless,
  author    = {John C. Reynolds},
  title     = {Toward a Grainless Semantics for Shared-Variable Concurrency},
  booktitle = {FSTTCS},
  year      = {2004},
  pages     = {35-48},
  ee        = {http://springerlink.metapress.com/openurl.asp?genre=article{\&}issn=0302-9743{\&}volume=3328{\&}spage=35},
  crossref  = {DBLP:conf/fsttcs/2004},
  bibsource = {DBLP, http://dblp.uni-trier.de}
}

@proceedings{DBLP:conf/fsttcs/2004,
  editor    = {Kamal Lodaya and
               Meena Mahajan},
  title     = {FSTTCS 2004: Foundations of Software Technology and Theoretical
               Computer Science, 24th International Conference, Chennai,
               India, December 16-18, 2004, Proceedings},
  booktitle = {FSTTCS},
  publisher = {Springer},
  series    = lncs,
  volume    = {3328},
  year      = {2004},
  isbn      = {3-540-24058-6},
  bibsource = {DBLP, http://dblp.uni-trier.de}
}

@inproceedings{rey02,
  author    = {John C. Reynolds},
  title     = {Separation Logic: A Logic for Shared Mutable Data Structures},
  booktitle = {LICS},
  year      = {2002},
  pages     = {55-74},
  ee        = {http://doi.ieeecomputersociety.org/10.1109/LICS.2002.1029817},
  crossref  = {DBLP:conf/lics/2002},
  bibsource = {DBLP, http://dblp.uni-trier.de}
}

@proceedings{DBLP:conf/lics/2002,
  title     = {17th IEEE Symposium on Logic in Computer Science (LICS 2002),
               22-25 July 2002, Copenhagen, Denmark, Proceedings},
  booktitle = {LICS},
  publisher = {IEEE Computer Society},
  year      = {2002},
  isbn      = {0-7695-1483-9},
  bibsource = {DBLP, http://dblp.uni-trier.de}
}

@phdthesis{dodds,
  title={Graph transformation and pointer structures},
  author={Dodds, Mike},
  year={2009},
  school={University of York}
}

@inproceedings{berdine2007shape,
  author    = {Josh Berdine and
               Cristiano Calcagno and
               Byron Cook and
               Dino Distefano and
               Peter W. O'Hearn and
               Thomas Wies and
               Hongseok Yang},
  title     = {Shape Analysis for Composite Data Structures},
  booktitle = {CAV},
  year      = {2007},
  pages     = {178-192},
  ee        = {http://dx.doi.org/10.1007/978-3-540-73368-3_22},
  crossref  = {DBLP:conf/cav/2007},
  bibsource = {DBLP, http://dblp.uni-trier.de}
}

@proceedings{DBLP:conf/cav/2007,
  editor    = {Werner Damm and
               Holger Hermanns},
  title     = {Computer Aided Verification, 19th International Conference,
               CAV 2007, Berlin, Germany, July 3-7, 2007, Proceedings},
  booktitle = {CAV},
  publisher = {Springer},
  series    = lncs,
  volume    = {4590},
  year      = {2007},
  isbn      = {978-3-540-73367-6},
  bibsource = {DBLP, http://dblp.uni-trier.de}
}

@inproceedings{distefano2006local,
  author    = {Dino Distefano and
               Peter W. O'Hearn and
               Hongseok Yang},
  title     = {A Local Shape Analysis Based on Separation Logic},
  booktitle = {TACAS},
  year      = {2006},
  pages     = {287-302},
  ee        = {http://dx.doi.org/10.1007/11691372_19},
  crossref  = {DBLP:conf/tacas/2006},
  bibsource = {DBLP, http://dblp.uni-trier.de}
}

@proceedings{DBLP:conf/tacas/2006,
  editor    = {Holger Hermanns and
               Jens Palsberg},
  title     = {Tools and Algorithms for the Construction and Analysis of
               Systems, 12th International Conference, TACAS 2006 Held
               as Part of the Joint European Conferences on Theory and
               Practice of Software, ETAPS 2006, Vienna, Austria, March
               25 - April 2, 2006, Proceedings},
  booktitle = {TACAS},
  publisher = {Springer},
  series    = lncs,
  volume    = {3920},
  year      = {2006},
  isbn      = {3-540-33056-9},
  bibsource = {DBLP, http://dblp.uni-trier.de}
}

@inproceedings{calcagno2006beyond,
  author    = {Cristiano Calcagno and
               Dino Distefano and
               Peter W. O'Hearn and
               Hongseok Yang},
  title     = {Beyond Reachability: Shape Abstraction in the Presence of
               Pointer Arithmetic},
  booktitle = {SAS},
  year      = {2006},
  pages     = {182-203},
  ee        = {http://dx.doi.org/10.1007/11823230_13},
  crossref  = {DBLP:conf/sas/2006},
  bibsource = {DBLP, http://dblp.uni-trier.de}
}

@proceedings{DBLP:conf/sas/2006,
  editor    = {Kwangkeun Yi},
  title     = {Static Analysis, 13th International Symposium, SAS 2006,
               Seoul, Korea, August 29-31, 2006, Proceedings},
  booktitle = {SAS},
  publisher = {Springer},
  series    = lncs,
  volume    = {4134},
  year      = {2006},
  isbn      = {3-540-37756-5},
  bibsource = {DBLP, http://dblp.uni-trier.de}
}

@inproceedings{brochenindata,
  author    = {Kshitij Bansal and
               R{\'e}mi Brochenin and
               {\'E}tienne Lozes},
  title     = {Beyond Shapes: Lists with Ordered Data},
  booktitle = {FOSSACS},
  year      = {2009},
  pages     = {425-439},
  ee        = {http://dx.doi.org/10.1007/978-3-642-00596-1_30},
  crossref  = {DBLP:conf/fossacs/2009},
  bibsource = {DBLP, http://dblp.uni-trier.de}
}

@proceedings{DBLP:conf/fossacs/2009,
  editor    = {Luca de Alfaro},
  title     = {Foundations of Software Science and Computational Structures,
               12th International Conference, FOSSACS 2009, Held as Part
               of the Joint European Conferences on Theory and Practice
               of Software, ETAPS 2009, York, UK, March 22-29, 2009. Proceedings},
  booktitle = {FOSSACS},
  publisher = {Springer},
  series    = lncs,
  volume    = {5504},
  year      = {2009},
  isbn      = {978-3-642-00595-4},
  ee        = {http://dx.doi.org/10.1007/978-3-642-00596-1},
  bibsource = {DBLP, http://dblp.uni-trier.de}
}

@article{higherorderseplog,
  author    = {Bodil Biering and
               Lars Birkedal and
               Noah Torp-Smith},
  title     = {BI-hyperdoctrines, higher-order separation logic, and abstraction},
  journal   = {ACM TOPLAS},
  volume    = {29},
  number    = {5},
  year      = {2007},
  ee        = {http://doi.acm.org/10.1145/1275497.1275499},
  bibsource = {DBLP, http://dblp.uni-trier.de}
}

@inproceedings{jamesind,
  author    = {James Brotherston and
               Richard Bornat and
               Cristiano Calcagno},
  title     = {Cyclic proofs of program termination in separation logic},
  booktitle = {POPL},
  year      = {2008},
  pages     = {101-112},
  ee        = {http://doi.acm.org/10.1145/1328438.1328453},
  crossref  = {DBLP:conf/popl/2008},
  bibsource = {DBLP, http://dblp.uni-trier.de}
}

@proceedings{DBLP:conf/popl/2008,
  editor    = {George C. Necula and
               Philip Wadler},
  title     = {Proceedings of the 35th ACM SIGPLAN-SIGACT Symposium on
               Principles of Programming Languages, POPL 2008, San Francisco,
               California, USA, January 7-12, 2008},
  booktitle = {POPL},
  publisher = {ACM},
  year      = {2008},
  isbn      = {978-1-59593-689-9},
  bibsource = {DBLP, http://dblp.uni-trier.de}
}

@book{bene,
  author    = {Benedikt Bollig},
  title     = {Formal Models of Communicating Systems - Languages, Automata,
               and Monadic Second-Order Logic},
  publisher = {Springer},
  year      = {2006},
  isbn      = {3-540-32922-6},
  bibsource = {DBLP, http://dblp.uni-trier.de}
}

@article{owicki,
  author    = {Susan S. Owicki and
               David Gries},
  title     = {An Axiomatic Proof Technique for Parallel Programs I},
  journal   = {Acta Inf.},
  volume    = {6},
  year      = {1976},
  pages     = {319-340},
  bibsource = {DBLP, http://dblp.uni-trier.de}
}

@inproceedings{ABZ10,
  author    = {Lucia Acciai and
               Michele Boreale and
               Gianluigi Zavattaro},
  title     = {On the Relationship between Spatial Logics and Behavioral
               Simulations},
  booktitle = {FOSSACS},
  year      = {2010},
  pages     = {146-160},
  ee        = {http://dx.doi.org/10.1007/978-3-642-12032-9_11},
  crossref  = {DBLP:conf/fossacs/2010},
  bibsource = {DBLP, http://dblp.uni-trier.de}
}

@inproceedings{AbadiBlanchetFournetESOP2004,
  author    = {Mart\'{\i}n Abadi and
               Bruno Blanchet and
               C{\'e}dric Fournet},
  title     = {Just Fast Keying in the Pi Calculus},
  booktitle = {ESOP},
  year      = {2004},
  pages     = {340-354},
  ee        = {http://springerlink.metapress.com/openurl.asp?genre=article{\&}issn=0302-9743{\&}volume=2986{\&}spage=340},
  crossref  = {DBLP:conf/esop/2004},
  bibsource = {DBLP, http://dblp.uni-trier.de}
}

@proceedings{DBLP:conf/esop/2004,
  editor    = {David A. Schmidt},
  title     = {Programming Languages and Systems, 13th European Symposium
               on Programming, ESOP 2004, Held as Part of the Joint European
               Conferences on Theory and Practice of Software, ETAPS 2004,
               Barcelona, Spain, March 29 - April 2, 2004, Proceedings},
  booktitle = {ESOP},
  publisher = {Springer},
  series    = lncs,
  volume    = {2986},
  year      = {2004},
  isbn      = {3-540-21313-9},
  bibsource = {DBLP, http://dblp.uni-trier.de}
}

@inproceedings{symbexe,
  author    = {Josh Berdine and
               Cristiano Calcagno and
               Peter W. O'Hearn},
  title     = {Symbolic Execution with Separation Logic},
  booktitle = {APLAS},
  year      = {2005},
  pages     = {52-68},
  ee        = {http://dx.doi.org/10.1007/11575467_5},
  crossref  = {DBLP:conf/aplas/2005},
  bibsource = {DBLP, http://dblp.uni-trier.de}
}

@proceedings{DBLP:conf/aplas/2005,
  editor    = {Kwangkeun Yi},
  title     = {Programming Languages and Systems, Third Asian Symposium,
               APLAS 2005, Tsukuba, Japan, November 2-5, 2005, Proceedings},
  booktitle = {APLAS},
  publisher = {Springer},
  series    = lncs,
  volume    = {3780},
  year      = {2005},
  isbn      = {3-540-29735-9},
  bibsource = {DBLP, http://dblp.uni-trier.de}
}

@inproceedings{AbadiC04,
  author =	 {Mart\'{\i}n Abadi and V{\'e}ronique Cortier},
  title =	 {Deciding Knowledge in Security Protocols Under
                  Equational Theories},
  booktitle =	 {ICALP},
  year =	 2004,
  pages =	 {46-58},
  ee =
                  {http://springerlink.metapress.com/openurl.asp?genre=article{\&}issn=0302-9743{\&}volume=3142{\&}spage=46},
  crossref =	 {DBLP:conf/icalp/2004},
  bibsource =	 {DBLP, http://dblp.uni-trier.de}
}

@inproceedings{AbadiC05,
  author =	 {Mart\'{\i}n Abadi and V{\'e}ronique Cortier},
  title =	 {Deciding Knowledge in Security Protocols under (Many
                  More) Equational Theories},
  booktitle =	 {CSFW},
  year =	 2005,
  pages =	 {62-76},
  ee =		 {http://dx.doi.org/10.1109/CSFW.2005.14},
  crossref =	 {DBLP:conf/csfw/2005},
  bibsource =	 {DBLP, http://dblp.uni-trier.de}
}

@article{AbadiC06,
  author =	 {Mart\'{\i}n Abadi and V{\'e}ronique Cortier},
  title =	 {Deciding knowledge in security protocols under
                  equational theories},
  journal =	 {Theor. Comput. Sci.},
  volume =	 367,
  number =	 {1-2},
  year =	 2006,
  pages =	 {2-32},
  ee =		 {http://dx.doi.org/10.1016/j.tcs.2006.08.032},
  bibsource =	 {DBLP, http://dblp.uni-trier.de}
}

@book{picalcul,
  title={Communicating and mobile systems: the $\pi$-calculus},
  author={Milner, Robin},
  isbn={0521658691},
  year={1999},
  publisher={Cambridge Univ Pr}
}

@article{csp,
  author    = {Tony Hoare},
  title     = {Communicating Sequential Processes},
  journal   = {C. ACM},
  volume    = {21},
  number    = {8},
  year      = {1978},
  pages     = {666-677},
  bibsource = {DBLP, http://dblp.uni-trier.de}
}

@inproceedings{mtraces,
  author    = {Antoni W. Mazurkiewicz},
  title     = {Trace Theory},
  booktitle = {Advances in Petri Nets},
  year      = {1986},
  pages     = {279-324},
  crossref  = {DBLP:conf/ac/1986petri2},
  bibsource = {DBLP, http://dblp.uni-trier.de}
}

@proceedings{DBLP:conf/ac/1986petri2,
  editor    = {Wilfried Brauer and
               Wolfgang Reisig and
               Grzegorz Rozenberg},
  title     = {Petri Nets: Central Models and Their Properties, Advances
               in Petri Nets 1986, Part II, Proceedings of an Advanced
               Course, Bad Honnef, 8.-19. September 1986},
  booktitle = {Advances in Petri Nets},
  publisher = {Springer},
  series    = lncs,
  volume    = {255},
  year      = {1987},
  isbn      = {3-540-17906-2},
  bibsource = {DBLP, http://dblp.uni-trier.de}
}

@book{ccs,
  author    = {Robin Milner},
  title     = {A Calculus of Communicating Systems},
  publisher = {Springer},
  series    = lncs,
  volume    = {92},
  year      = {1980},
  isbn      = {3-540-10235-3},
  bibsource = {DBLP, http://dblp.uni-trier.de}
}

@inproceedings{Acciai09,
  author    = {Lucia Acciai and
               Michele Boreale},
  title     = {Deciding Safety Properties in Infinite-State Pi-Calculus
               via Behavioural Types},
  booktitle = {ICALP (2)},
  year      = {2009},
  pages     = {31-42},
  ee        = {http://dx.doi.org/10.1007/978-3-642-02930-1_3},
  crossref  = {DBLP:conf/icalp/2009-2},
  bibsource = {DBLP, http://dblp.uni-trier.de}
}

@proceedings{BAF-LICS05,
  editor    = {Susanne Albers and
               Alberto Marchetti-Spaccamela and
               Yossi Matias and
               Sotiris E. Nikoletseas and
               Wolfgang Thomas},
  title     = {Automata, Languages and Programming, 36th Internatilonal
               Collogquium, ICALP 2009, Rhodes, greece, July 5-12, 2009,
               Proceedings, Part II},
  booktitle = {ICALP (2)},
  publisher = {Springer},
  series    = lncs,
  volume    = {5556},
  year      = {2009},
  isbn      = {978-3-642-02929-5},
  ee        = {http://dx.doi.org/10.1007/978-3-642-02930-1},
  bibsource = {DBLP, http://dblp.uni-trier.de}
}

@inproceedings{DBLP:conf/lics/BlanchetAF05,
  author    = {Bruno Blanchet and
               Mart\'{\i}n Abadi and
               C{\'e}dric Fournet},
  title     = {Automated Verification of Selected Equivalences for Security
               Protocols},
  booktitle = {LICS},
  year      = {2005},
  pages     = {331-340},
  ee        = {http://dx.doi.org/10.1109/LICS.2005.8},
  crossref  = {DBLP:conf/lics/2005},
  bibsource = {DBLP, http://dblp.uni-trier.de}
}

@proceedings{DBLP:conf/lics/2005,
  title     = {20th IEEE Symposium on Logic in Computer Science (LICS 2005),
               26-29 June 2005, Chicago, IL, USA, Proceedings},
  booktitle = {LICS},
  publisher = {IEEE Computer Society},
  year      = {2005},
  isbn      = {0-7695-2266-1},
  bibsource = {DBLP, http://dblp.uni-trier.de}
}

@article{Borgstrom06,
  author =	 {Johannes Borgstr{\"o}m},
  title =	 {Static Equivalence {\it is} Harder than Knowledge},
  journal =	 {ENTCS},
  volume =	 154,
  number =	 3,
  year =	 2006,
  pages =	 {45-57},
  ee =		 {http://dx.doi.org/10.1016/j.entcs.2006.05.006},
  bibsource =	 {DBLP, http://dblp.uni-trier.de}
}

@article{CC-jic03,
  author    = {Lu\'{\i}s Caires and
               Luca Cardelli},
  title     = {A spatial logic for concurrency (part I)},
  journal   = {Inf. Comput.},
  volume    = {186},
  number    = {2},
  year      = {2003},
  pages     = {194-235},
  ee        = {http://dx.doi.org/10.1016/S0890-5401(03)00137-8},
  bibsource = {DBLP, http://dblp.uni-trier.de}
}

@inproceedings{CL-concur04,
  author    = {Lu\'{\i}s Caires and
               {\'E}tienne Lozes},
  title     = {Elimination of Quantifiers and Undecidability in Spatial
               Logics for Concurrency},
  booktitle = {CONCUR},
  year      = {2004},
  pages     = {240-257},
  ee        = {http://springerlink.metapress.com/openurl.asp?genre=article{\&}issn=0302-9743{\&}volume=3170{\&}spage=240},
  crossref  = {DBLP:conf/concur/2004},
  bibsource = {DBLP, http://dblp.uni-trier.de}
}

@article{CRZ-LMCS07,
  author    = {V{\'e}ronique Cortier and
               Micha{\"e}l Rusinowitch and
               Eugen Zalinescu},
  title     = {Relating two standard notions of secrecy},
  journal   = {CoRR},
  volume    = {abs/0706.0502},
  year      = {2007},
  ee        = {http://arxiv.org/abs/0706.0502},
  bibsource = {DBLP, http://dblp.uni-trier.de}
}

@article{CalcagnoCG03,
  author    = {Cristiano Calcagno and
               Luca Cardelli and
               Andrew D. Gordon},
  title     = {Deciding validity in a spatial logic for trees},
  journal   = {J. Funct. Program.},
  volume    = {15},
  number    = {4},
  year      = {2005},
  pages     = {543-572},
  ee        = {http://dx.doi.org/10.1017/S0956796804005404},
  bibsource = {DBLP, http://dblp.uni-trier.de}
}

%% spatial/separation/process algebra -logics

@inproceedings{CalcagnoGZ05,
  author    = {Cristiano Calcagno and
               Philippa Gardner and
               Uri Zarfaty},
  title     = {Context logic and tree update},
  booktitle = {POPL},
  year      = {2005},
  pages     = {271-282},
  ee        = {http://doi.acm.org/10.1145/1040305.1040328},
  crossref  = {DBLP:conf/popl/2005},
  bibsource = {DBLP, http://dblp.uni-trier.de}
}

@proceedings{DBLP:conf/popl/2005,
  editor    = {Jens Palsberg and
               Mart\'{\i}n Abadi},
  title     = {Proceedings of the 32nd ACM SIGPLAN-SIGACT Symposium on
               Principles of Programming Languages, POPL 2005, Long Beach,
               California, USA, January 12-14, 2005},
  booktitle = {POPL},
  publisher = {ACM},
  year      = {2005},
  isbn      = {1-58113-830-X},
  bibsource = {DBLP, http://dblp.uni-trier.de}
}

@article{DKLOG,
  author    = {Hans H{\"u}ttel and
               Michael D. Pedersen},
  title     = {A Logical Characterisation of Static Equivalence},
  journal   = {ENTCS},
  volume    = {173},
  year      = {2007},
  pages     = {139-157},
  ee        = {http://dx.doi.org/10.1016/j.entcs.2007.02.032},
  bibsource = {DBLP, http://dblp.uni-trier.de}
}

@inproceedings{DKR-csfw06,
  author    = {St{\'e}phanie Delaune and
               Steve Kremer and
               Mark Ryan},
  title     = {Coercion-Resistance and Receipt-Freeness in Electronic Voting},
  booktitle = {CSFW},
  year      = {2006},
  pages     = {28-42},
  ee        = {http://doi.ieeecomputersociety.org/10.1109/CSFW.2006.8},
  crossref  = {DBLP:conf/csfw/2006},
  bibsource = {DBLP, http://dblp.uni-trier.de}
}

@proceedings{DBLP:conf/csfw/2006,
  title     = {19th IEEE Computer Security Foundations Workshop, (CSFW-19
               2006), 5-7 July 2006, Venice, Italy},
  booktitle = {CSFW},
  publisher = {IEEE Computer Society},
  year      = {2006},
  isbn      = {0-7695-2615-2},
  bibsource = {DBLP, http://dblp.uni-trier.de}
}

@inproceedings{FSTTCS03,
  author    = {Daniel Hirschkoff and
               {\'E}tienne Lozes and
               Davide Sangiorgi},
  title     = {Minimality Results for the Spatial Logics},
  booktitle = {FSTTCS},
  year      = {2003},
  pages     = {252-264},
  ee        = {http://springerlink.metapress.com/openurl.asp?genre=article{\&}issn=0302-9743{\&}volume=2914{\&}spage=252},
  crossref  = {DBLP:conf/fsttcs/2003},
  bibsource = {DBLP, http://dblp.uni-trier.de}
}

@proceedings{DBLP:conf/fsttcs/2003,
  editor    = {Paritosh K. Pandya and
               Jaikumar Radhakrishnan},
  title     = {FST TCS 2003: Foundations of Software Technology and Theoretical
               Computer Science, 23rd Conference, Mumbai, India, December
               15-17, 2003, Proceedings},
  booktitle = {FSTTCS},
  publisher = {Springer},
  series    = lncs,
  volume    = {2914},
  year      = {2003},
  isbn      = {3-540-20680-9},
  bibsource = {DBLP, http://dblp.uni-trier.de}
}

@inproceedings{oracle-csl,
  author    = {Aquinas Hobor and
               Andrew W. Appel and
               Francesco {Zappa Nardelli}},
  title     = {Oracle Semantics for Concurrent Separation Logic},
  booktitle = {ESOP},
  year      = {2008},
  pages     = {353-367},
  ee        = {http://dx.doi.org/10.1007/978-3-540-78739-6_27},
  crossref  = {DBLP:conf/esop/2008},
  bibsource = {DBLP, http://dblp.uni-trier.de}
}

@proceedings{DBLP:conf/esop/2008,
  editor    = {Sophia Drossopoulou},
  title     = {Programming Languages and Systems, 17th European Symposium
               on Programming, ESOP 2008, Held as Part of the Joint European
               Conferences on Theory and Practice of Software, ETAPS 2008,
               Budapest, Hungary, March 29-April 6, 2008. Proceedings},
  booktitle = {ESOP},
  publisher = {Springer},
  series    = lncs,
  volume    = {4960},
  year      = {2008},
  isbn      = {978-3-540-78738-9},
  bibsource = {DBLP, http://dblp.uni-trier.de}
}

@inproceedings{gotsman,
  author =	 {Alexey Gotsman and Josh Berdine and Byron Cook and
                  Noam Rinetzky and Mooly Sagiv},
  title =	 {Local Reasoning for Storable Locks and Threads},
  booktitle =	 {APLAS},
  year =	 2007,
  pages =	 {19-37},
  ee =		 {http://dx.doi.org/10.1007/978-3-540-76637-7_3},
  crossref =	 {DBLP:conf/aplas/2007},
  bibsource =	 {DBLP, http://dblp.uni-trier.de}
}

%% for the record

@inproceedings{H-concur02,
  author    = {Daniel Hirschkoff},
  title     = {An Extensional Spatial Logic for Mobile Processes},
  booktitle = {CONCUR},
  year      = {2004},
  pages     = {325-339},
  ee        = {http://springerlink.metapress.com/openurl.asp?genre=article{\&}issn=0302-9743{\&}volume=3170{\&}spage=325},
  crossref  = {DBLP:conf/concur/2004},
  bibsource = {DBLP, http://dblp.uni-trier.de}
}

@article{HLS-LMCS06,
  author    = {Daniel Hirschkoff and
               {\'E}tienne Lozes and
               Davide Sangiorgi},
  title     = {On the Expressiveness of the Ambient Logic},
  journal   = {Logical Methods in Computer Science},
  volume    = {2},
  number    = {2},
  year      = {2006},
  ee        = {http://dx.doi.org/10.2168/LMCS-2(2:3)2006},
  bibsource = {DBLP, http://dblp.uni-trier.de}
}

@article{HMLog,
  author    = {Matthew Hennessy and
               Robin Milner},
  title     = {Algebraic Laws for Nondeterminism and Concurrency},
  journal   = {J. ACM},
  volume    = {32},
  number    = {1},
  year      = {1985},
  pages     = {137-161},
  ee        = {http://doi.acm.org/10.1145/2455.2460},
  bibsource = {DBLP, http://dblp.uni-trier.de}
}

@inproceedings{KremerRyan2005,
  author    = {Steve Kremer and
               Mark Ryan},
  title     = {Analysis of an Electronic Voting Protocol in the Applied
               Pi Calculus},
  booktitle = {ESOP},
  year      = {2005},
  pages     = {186-200},
  ee        = {http://springerlink.metapress.com/openurl.asp?genre=article{\&}issn=0302-9743{\&}volume=3444{\&}spage=186},
  crossref  = {DBLP:conf/esop/2005},
  bibsource = {DBLP, http://dblp.uni-trier.de}
}

@proceedings{DBLP:conf/esop/2005,
  editor    = {Shmuel Sagiv},
  title     = {Programming Languages and Systems, 14th European Symposium
               on Programming,ESOP 2005, Held as Part of the Joint European
               Conferences on Theory and Practice of Software, ETAPS 2005,
               Edinburgh, UK, April 4-8, 2005, Proceedings},
  booktitle = {ESOP},
  publisher = {Springer},
  series    = lncs,
  volume    = {3444},
  year      = {2005},
  isbn      = {3-540-25435-8},
  bibsource = {DBLP, http://dblp.uni-trier.de}
}

@article{Kuncak&Rinard04,
  author    = {Viktor Kuncak and
               Martin C. Rinard},
  title     = {On Spatial Conjunction as Second-Order Logic},
  journal   = {CoRR},
  volume    = {cs.LO/0410073},
  year      = {2004},
  ee        = {http://arxiv.org/abs/cs.LO/0410073},
  bibsource = {DBLP, http://dblp.uni-trier.de}
}

@techreport{LSV:08:10,
  author =	 {Villard, Jules and Lozes, {\'E}tienne and Treinen,
                  Ralf},
  institution =	 {LSV, ENS Cachan, France},
  month =	 mar,
  note =	 {44~pages},
  number =	 {LSV-08-10},
  type =	 {Research Report},
  title =	 {A Spatial Equational Logic for the Applied
                  pi-calculus},
  url =
                  {http://www.lsv.ens-cachan.fr/Publis/RAPPORTS_LSV/PDF/
                  rr-lsv-2008-10.pdf},
  year =	 2008,
}

@inproceedings{LV-concur08,
  author    = {{\'E}tienne Lozes and
               Jules Villard},
  title     = {A Spatial Equational Logic for the Applied pi-Calculus},
  booktitle = {CONCUR},
  year      = {2008},
  pages     = {387-401},
  ee        = {http://dx.doi.org/10.1007/978-3-540-85361-9_31},
  crossref  = {DBLP:conf/concur/2008},
  bibsource = {DBLP, http://dblp.uni-trier.de}
}

@inproceedings{Lozes-express03,
  address =	 {Marseilles, France},
  author =	 {Lozes, {\'E}tienne},
  booktitle =	 {{P}roceedings of the 10th {I}nternational {W}orkshop
                  on {E}xpressiveness in {C}oncurrency ({EXPRESS}'03)},
  editor =	 {Corradini, Flavio and Nestmann, Uwe},
  month =	 jun,
  pages =	 {51-72},
  publisher =	 {Elsevier Science Publishers},
  series =	 {Electronic Notes in Theoretical Computer Science},
  title =	 {Adjuncts Elimination in the Static Ambient Logic},
  url =
                  {http://www.lsv.ens-cachan.fr/Publis/PAPERS/PDF/Lozes-express03.pdf},
  volume =	 96,
  year =	 2004,
}

@inproceedings{Mardare07,
  author    = {Radu Mardare},
  title     = {Observing Distributed Computation. A Dynamic-Epistemic Approach},
  booktitle = {CALCO},
  year      = {2007},
  pages     = {379-393},
  ee        = {http://dx.doi.org/10.1007/978-3-540-73859-6_26},
  crossref  = {DBLP:conf/calco/2007},
  bibsource = {DBLP, http://dblp.uni-trier.de}
}

@proceedings{DBLP:conf/calco/2007,
  editor    = {Till Mossakowski and
               Ugo Montanari and
               Magne Haveraaen},
  title     = {Algebra and Coalgebra in Computer Science, Second International
               Conference, CALCO 2007, Bergen, Norway, August 20-24, 2007,
               Proceedings},
  booktitle = {CALCO},
  publisher = {Springer},
  series    = lncs,
  volume    = {4624},
  year      = {2007},
  isbn      = {978-3-540-73857-2},
  bibsource = {DBLP, http://dblp.uni-trier.de}
}

@inproceedings{POPL00,
  author    = {Luca Cardelli and
               Andrew D. Gordon},
  title     = {Anytime, Anywhere: Modal Logics for Mobile Ambients},
  booktitle = {POPL},
  year      = {2000},
  pages     = {365-377},
  ee        = {http://doi.acm.org/10.1145/325694.325742},
  bibsource = {DBLP, http://dblp.uni-trier.de}
}

@phdthesis{PhD-lozes,
  author =	 {Lozes, {\'E}tienne},
  month =	 nov,
  school =	 {Laboratoire de l'Informatique du Parall{\'e}lisme,
                  ENS Lyon, France},
  type =	 {Th{\`e}se de doctorat},
  title =	 {Expressivit{\'e} des logiques spatiales},
  url =          {http://www.lsv.ens-cachan.fr/Publis/PAPERS/PS/PhD-lozes.ps},
  year =	 2004,
}

@inproceedings{RazaG08,
  author =	 {Mohammad Raza and Philippa Gardner},
  title =	 {Footprints in Local Reasoning},
  booktitle =	 {FoSSaCS},
  year =	 2008,
  pages =	 {201-215},
  ee =		 {http://dx.doi.org/10.1007/978-3-540-78499-9_15},
  crossref =	 {DBLP:conf/fossacs/2008},
  bibsource =	 {DBLP, http://dblp.uni-trier.de}
}

@inproceedings{Sangiorgi01,
  author    = {Davide Sangiorgi},
  title     = {Extensionality and Intensionality of the Ambient Logics},
  booktitle = {POPL},
  year      = {2001},
  pages     = {4-13},
  bibsource = {DBLP, http://dblp.uni-trier.de}
}

@inproceedings{SessionJ,
  author    = {Raymond Hu and
               Nobuko Yoshida and
               Kohei Honda},
  title     = {Session-Based Distributed Programming in {Java}},
  booktitle = {ECOOP},
  year      = {2008},
  pages     = {516-541},
  ee        = {http://dx.doi.org/10.1007/978-3-540-70592-5_22},
  crossref  = {DBLP:conf/ecoop/2008},
  bibsource = {DBLP, http://dblp.uni-trier.de}
}

@proceedings{DBLP:conf/ecoop/2008,
  editor    = {Jan Vitek},
  title     = {ECOOP 2008 - Object-Oriented Programming, 22nd European
               Conference, Paphos, Cyprus, July 7-11, 2008, Proceedings},
  booktitle = {ECOOP},
  publisher = {Springer},
  series    = lncs,
  volume    = {5142},
  year      = {2008},
  isbn      = {978-3-540-70591-8},
  bibsource = {DBLP, http://dblp.uni-trier.de}
}

@inproceedings{VLC-aplas09,
  author    = {Jules Villard and
               {\'E}tienne Lozes and
               Cristiano Calcagno},
  title     = {Proving Copyless Message Passing},
  booktitle = {APLAS},
  year      = {2009},
  pages     = {194-209},
  ee        = {http://dx.doi.org/10.1007/978-3-642-10672-9_15},
  crossref  = {DBLP:conf/aplas/2009},
  bibsource = {DBLP, http://dblp.uni-trier.de}
}

@article{alain-halfduplex,
  author    = {G{\'e}rard C{\'e}c{\'e} and
               Alain Finkel},
  title     = {Verification of programs with half-duplex communication},
  journal   = {Inf. Comput.},
  volume    = {202},
  number    = {2},
  year      = {2005},
  pages     = {166-190},
  ee        = {http://dx.doi.org/10.1016/j.ic.2005.05.006},
  bibsource = {DBLP, http://dblp.uni-trier.de}
}

@article{alain-lossy,
  author    = {G{\'e}rard C{\'e}c{\'e} and
               Alain Finkel and
               S. Purushothaman Iyer},
  title     = {Unreliable Channels are Easier to Verify Than Perfect Channels},
  journal   = {Inf. Comput.},
  volume    = {124},
  number    = {1},
  year      = {1996},
  pages     = {20-31},
  bibsource = {DBLP, http://dblp.uni-trier.de}
}

@article{ambients,
  author    = {Luca Cardelli and
               Andrew D. Gordon},
  title     = {Mobile ambients},
  journal   = {Theor. Comput. Sci.},
  volume    = {240},
  number    = {1},
  year      = {2000},
  pages     = {177-213},
  ee        = {http://dx.doi.org/10.1016/S0304-3975(99)00231-5},
  bibsource = {DBLP, http://dblp.uni-trier.de}
}

@inproceedings{api,
  author    = {Mart\'{\i}n Abadi and
               C{\'e}dric Fournet},
  title     = {Mobile values, new names, and secure communication},
  booktitle = {POPL},
  year      = {2001},
  pages     = {104-115},
  ee        = {http://doi.acm.org/10.1145/360204.360213},
  bibsource = {DBLP, http://dblp.uni-trier.de}
}

@inproceedings{asl,
  author    = {Cristiano Calcagno and
               Peter W. O'Hearn and
               Hongseok Yang},
  title     = {Local Action and Abstract Separation Logic},
  booktitle = {LICS},
  year      = {2007},
  pages     = {366-378},
}

@proceedings{DBLP:conf/lics/2007,
  title     = {22nd IEEE Symposium on Logic in Computer Science (LICS 2007),
               10-12 July 2007, Wroclaw, Poland, Proceedings},
  booktitle = {LICS},
  publisher = {IEEE Computer Society},
  year      = {2007},
  bibsource = {DBLP, http://dblp.uni-trier.de}
}

@inproceedings{slam,
  author    = {Thomas Ball and
               Sriram K. Rajamani},
  title     = {The SLAM Toolkit},
  booktitle = {CAV},
  year      = {2001},
  pages     = {260-264},
  ee        = {http://link.springer.de/link/service/series/0558/bibs/2102/21020260.htm},
  crossref  = {DBLP:conf/cav/2001},
  bibsource = {DBLP, http://dblp.uni-trier.de}
}

@proceedings{DBLP:conf/cav/2001,
  editor    = {G{\'e}rard Berry and
               Hubert Comon and
               Alain Finkel},
  title     = {Computer Aided Verification, 13th International Conference,
               CAV 2001, Paris, France, July 18-22, 2001, Proceedings},
  booktitle = {CAV},
  publisher = {Springer},
  series    = lncs,
  volume    = {2102},
  year      = {2001},
  isbn      = {3-540-42345-1},
  bibsource = {DBLP, http://dblp.uni-trier.de}
}

@inproceedings{fix2008fifteen,
  author    = {Limor Fix},
  title     = {Fifteen Years of Formal Property Verification in Intel},
  booktitle = {25 Years of Model Checking},
  year      = {2008},
  pages     = {139-144},
  ee        = {http://dx.doi.org/10.1007/978-3-540-69850-0_8},
  crossref  = {DBLP:conf/spin/5000},
  bibsource = {DBLP, http://dblp.uni-trier.de}
}

@proceedings{DBLP:conf/spin/5000,
  editor    = {Orna Grumberg and
               Helmut Veith},
  title     = {25 Years of Model Checking - History, Achievements, Perspectives},
  booktitle = {25 Years of Model Checking},
  publisher = {Springer},
  series    = lncs,
  volume    = {5000},
  year      = {2008},
  isbn      = {978-3-540-69849-4},
  bibsource = {DBLP, http://dblp.uni-trier.de}
}

@inproceedings{heussner-a-2009-107-a,
  author    = {Alexander Heu{\ss}ner and
               Tristan Le Gall and
               Gr{\'e}goire Sutre},
  title     = {Extrapolation-Based Path Invariants for Abstraction Refinement
               of {FIFO} Systems},
  booktitle = {SPIN},
  year      = {2009},
  pages     = {107-124},
  ee        = {http://dx.doi.org/10.1007/978-3-642-02652-2_11},
  crossref  = {DBLP:conf/spin/2009},
  bibsource = {DBLP, http://dblp.uni-trier.de}
}

@proceedings{DBLP:conf/spin/2009,
  editor    = {Corina S. Pasareanu},
  title     = {Model Checking Software, 16th International SPIN Workshop,
               Grenoble, France, June 26-28, 2009. Proceedings},
  booktitle = {SPIN},
  publisher = {Springer},
  series    = lncs,
  volume    = {5578},
  year      = {2009},
  isbn      = {978-3-642-02651-5},
  ee        = {http://dx.doi.org/10.1007/978-3-642-02652-2},
  bibsource = {DBLP, http://dblp.uni-trier.de}
}

@article{spin,
  author    = {Gerard J. Holzmann},
  title     = {The Model Checker {S}pin},
  journal   = {IEEE Trans. Software Eng.},
  volume    = {23},
  number    = {5},
  year      = {1997},
  pages     = {279-295},
  ee        = {http://www.computer.org/tse/ts1997/e0279abs.htm},
  bibsource = {DBLP, http://dblp.uni-trier.de}
}

@article{modelchecking,
  author    = {Edmund M. Clarke and
               E. Allen Emerson and
               A. Prasad Sistla},
  title     = {Automatic Verification of Finite-State Concurrent Systems
               Using Temporal Logic Specifications},
  journal   = {ACM TOPLAS},
  volume    = {8},
  number    = {2},
  year      = {1986},
  pages     = {244-263},
  ee        = {http://doi.acm.org/10.1145/5397.5399},
  bibsource = {DBLP, http://dblp.uni-trier.de}
}

@inproceedings{modelchecking97,
  author    = {Edmund M. Clarke},
  title     = {Model Cheking},
  booktitle = {FSTTCS},
  year      = {1997},
  pages     = {54-56},
  ee        = {http://link.springer.de/link/service/series/0558/bibs/1346/13460054.htm},
  crossref  = {DBLP:conf/fsttcs/1997},
  bibsource = {DBLP, http://dblp.uni-trier.de}
}

@proceedings{DBLP:conf/fsttcs/1997,
  editor    = {S. Ramesh and
               G. Sivakumar},
  title     = {Foundations of Software Technology and Theoretical Computer
               Science, 17th Conference, Kharagpur, India, December 18-20,
               1997, Proceedings},
  booktitle = {FSTTCS},
  publisher = {Springer},
  series    = lncs,
  volume    = {1346},
  year      = {1997},
  isbn      = {3-540-63876-8},
  bibsource = {DBLP, http://dblp.uni-trier.de}
}

@inproceedings{focs,
  author    = {Amir Pnueli},
  title     = {The Temporal Logic of Programs},
  booktitle = {FOCS},
  year      = {1977},
  pages     = {46-57},
  crossref  = {DBLP:conf/focs/FOCS18},
  bibsource = {DBLP, http://dblp.uni-trier.de}
}

@proceedings{DBLP:conf/focs/FOCS18,
  title     = {18th Annual Symposium on Foundations of Computer Science,
               31 October-2 November, Providence, Rhode Island, USA},
  booktitle = {FOCS},
  publisher = {IEEE},
  year      = {1977},
  bibsource = {DBLP, http://dblp.uni-trier.de}
}

@article{beffy,
  author    = {Emmanuel Beffara},
  title     = {A Concurrent Model for Linear Logic},
  journal   = {ENTCS},
  volume    = {155},
  year      = {2006},
  pages     = {147-168},
  ee        = {http://dx.doi.org/10.1016/j.entcs.2005.11.055},
  bibsource = {DBLP, http://dblp.uni-trier.de}
}

@inproceedings{blumensath00lics,
  author    = {Achim Blumensath and
               Erich Gr{\"a}del},
  title     = {Automatic Structures},
  booktitle = {LICS},
  year      = {2000},
  pages     = {51-62},
  ee        = {http://www.computer.org/proceedings/lics/0725/07250051abs.htm},
  bibsource = {DBLP, http://dblp.uni-trier.de}
}

@inproceedings{boyland2003checking,
  author    = {John Boyland},
  title     = {Checking Interference with Fractional Permissions},
  booktitle = {SAS},
  year      = {2003},
  pages     = {55-72},
  ee        = {http://link.springer.de/link/service/series/0558/bibs/2694/26940055.htm},
  crossref  = {DBLP:conf/sas/2003},
  bibsource = {DBLP, http://dblp.uni-trier.de}
}

@proceedings{DBLP:conf/sas/2003,
  editor    = {Radhia Cousot},
  title     = {Static Analysis, 10th International Symposium, SAS 2003,
               San Diego, CA, USA, June 11-13, 2003, Proceedings},
  booktitle = {SAS},
  publisher = {Springer},
  series    = lncs,
  volume    = {2694},
  year      = {2003},
  isbn      = {3-540-40325-6},
  bibsource = {DBLP, http://dblp.uni-trier.de}
}

@article{brookes-csl,
  author    = {Stephen Brookes},
  title     = {A Semantics for Concurrent Separation Logic},
  journal   = {Theor. Comput. Sci.},
  volume    = {375},
  number    = {1-3},
  year      = {2007},
  pages     = {227-270},
  ee        = {http://dx.doi.org/10.1016/j.tcs.2006.12.034},
  bibsource = {DBLP, http://dblp.uni-trier.de}
}

@inproceedings{calcagnofo,
  author    = {Cristiano Calcagno and
               Philippa Gardner and
               Matthew Hague},
  title     = {From Separation Logic to First-Order Logic},
  booktitle = {FoSSaCS},
  year      = {2005},
  pages     = {395-409},
  ee        = {http://springerlink.metapress.com/openurl.asp?genre=article{\&}issn=0302-9743{\&}volume=3441{\&}spage=395},
  crossref  = {DBLP:conf/fossacs/2005},
  bibsource = {DBLP, http://dblp.uni-trier.de}
}

@proceedings{DBLP:conf/fossacs/2005,
  editor    = {Vladimiro Sassone},
  title     = {Foundations of Software Science and Computational Structures,
               8th International Conference, FOSSACS 2005, Held as Part
               of the Joint European Conferences on Theory and Practice
               of Software, ETAPS 2005, Edinburgh, UK, April 4-8, 2005,
               Proceedings},
  booktitle = {FoSSaCS},
  publisher = {Springer},
  series    = lncs,
  volume    = {3441},
  year      = {2005},
  isbn      = {3-540-25388-2},
  bibsource = {DBLP, http://dblp.uni-trier.de}
}

@phdthesis{vafeiadis,
  title={Modular fine-grained concurrency verification},
  author={Vafeiadis, Viktor},
  year={2007},
  school={University of Cambridge}
}

@inproceedings{oss09,
  author    = {Scott Owens and
               Susmit Sarkar and
               Peter Sewell},
  title     = {A Better x86 Memory Model: x86-TSO},
  booktitle = {TPHOLs},
  year      = {2009},
  pages     = {391-407},
  ee        = {http://dx.doi.org/10.1007/978-3-642-03359-9_27},
  crossref  = {DBLP:conf/tphol/2009},
  bibsource = {DBLP, http://dblp.uni-trier.de}
}

@proceedings{DBLP:conf/tphol/2009,
  editor    = {Stefan Berghofer and
               Tobias Nipkow and
               Christian Urban and
               Makarius Wenzel},
  title     = {Theorem Proving in Higher Order Logics, 22nd International
               Conference, TPHOLs 2009, Munich, Germany, August 17-20,
               2009. Proceedings},
  booktitle = {TPHOLs},
  publisher = {Springer},
  series    = lncs,
  volume    = {5674},
  year      = {2009},
  isbn      = {978-3-642-03358-2},
  ee        = {http://dx.doi.org/10.1007/978-3-642-03359-9},
  bibsource = {DBLP, http://dblp.uni-trier.de}
}

@inproceedings{bp09,
  author    = {G{\'e}rard Boudol and
               Gustavo Petri},
  title     = {Relaxed memory models: an operational approach},
  booktitle = {POPL},
  year      = {2009},
  pages     = {392-403},
  ee        = {http://doi.acm.org/10.1145/1480881.1480930},
  crossref  = {DBLP:conf/popl/2009},
  bibsource = {DBLP, http://dblp.uni-trier.de}
}

@inproceedings{auto-verif-gc-popl09,
  author    = {Chris Hawblitzel and
               Erez Petrank},
  title     = {Automated verification of practical garbage collectors},
  booktitle = {POPL},
  year      = {2009},
  pages     = {441-453},
  ee        = {http://doi.acm.org/10.1145/1480881.1480935},
  crossref  = {DBLP:conf/popl/2009},
  bibsource = {DBLP, http://dblp.uni-trier.de}
}

@inproceedings{stevents10,
  author    = {Raymond Hu and
               Dimitrios Kouzapas and
               Olivier Pernet and
               Nobuko Yoshida and
               Kohei Honda},
  title     = {Type-Safe Eventful Sessions in {J}ava},
  booktitle = {ECOOP},
  year      = {2010},
  pages     = {329-353},
  ee        = {http://dx.doi.org/10.1007/978-3-642-14107-2_16},
  crossref  = {DBLP:conf/ecoop/2010},
  bibsource = {DBLP, http://dblp.uni-trier.de}
}

@inproceedings{globprogress08,
  author    = {Lorenzo Bettini and
               Mario Coppo and
               Loris D'Antoni and
               Marco De Luca and
               Mariangiola Dezani-Ciancaglini and
               Nobuko Yoshida},
  title     = {Global Progress in Dynamically Interleaved Multiparty Sessions},
  booktitle = {CONCUR},
  year      = {2008},
  pages     = {418-433},
  ee        = {http://dx.doi.org/10.1007/978-3-540-85361-9_33},
  crossref  = {DBLP:conf/concur/2008},
  bibsource = {DBLP, http://dblp.uni-trier.de}
}

@phdthesis{jade,
author = {Jade Alglave},
title = {A Shared Memory Poetics},
school = {Universit\'e Paris 7 and INRIA},
year = 2010,
}

@inproceedings{cousotetcousot77,
  author    = {Patrick Cousot and
               Radhia Cousot},
  title     = {Abstract Interpretation: A Unified Lattice Model for Static
               Analysis of Programs by Construction or Approximation of
               Fixpoints},
  booktitle = {POPL},
  year      = {1977},
  pages     = {238-252},
  ee        = {http://doi.acm.org/10.1145/512950.512973},
  bibsource = {DBLP, http://dblp.uni-trier.de}
}

@inproceedings{cap-ecoop10,
  author =	 {Thomas Dinsdale-Young and Mike Dodds and Philippa
                  Gardner and Matthew J. Parkinson and Viktor
                  Vafeiadis},
  title =	 {Concurrent Abstract Predicates},
  booktitle =	 {ECOOP},
  year =	 2010,
  pages =	 {504-528},
  ee =		 {http://dx.doi.org/10.1007/978-3-642-14107-2_24},
  crossref =	 {DBLP:conf/ecoop/2010},
  bibsource =	 {DBLP, http://dblp.uni-trier.de}
}

@article{cfsm83,
  author    = {Daniel Brand and
               Pitro Zafiropulo},
  title     = {On Communicating Finite-State Machines},
  journal   = {J. ACM},
  volume    = {30},
  number    = {2},
  year      = {1983},
  pages     = {323-342},
  ee        = {db/journals/jacm/BrandZ83.html, http://doi.acm.org/10.1145/322374.322380},
  bibsource = {DBLP, http://dblp.uni-trier.de}
}

@inproceedings{vv06popl,
  author    = {Viktor Vafeiadis and
               Maurice Herlihy and
               Tony Hoare and
               Marc Shapiro},
  title     = {Proving correctness of highly-concurrent linearisable objects},
  booktitle = {PPOPP},
  year      = {2006},
  pages     = {129-136},
  ee        = {http://doi.acm.org/10.1145/1122971.1122992},
  crossref  = {DBLP:conf/ppopp/2006},
  bibsource = {DBLP, http://dblp.uni-trier.de}
}

@proceedings{DBLP:conf/ppopp/2006,
  editor    = {Josep Torrellas and
               Siddhartha Chatterjee},
  title     = {Proceedings of the ACM SIGPLAN Symposium on Principles and
               Practice of Parallel Programming, PPOPP 2006, New York,
               New York, USA, March 29-31, 2006},
  booktitle = {PPOPP},
  publisher = {ACM},
  year      = {2006},
  isbn      = {1-59593-189-9},
  bibsource = {DBLP, http://dblp.uni-trier.de}
}

@article{comon1994efm,
  author    = {Hubert Comon and
               Catherine Delor},
  title     = {Equational Formulae with Membership Constraints},
  journal   = {Inf. Comput.},
  volume    = {112},
  number    = {2},
  year      = {1994},
  pages     = {167-216},
  bibsource = {DBLP, http://dblp.uni-trier.de}
}

@inproceedings{conforti2004dfu,
  author    = {Giovanni Conforti and
               Giorgio Ghelli},
  title     = {Decidability of Freshness, Undecidability of Revelation},
  booktitle = {FoSSaCS},
  year      = {2004},
  pages     = {105-120},
  ee        = {http://springerlink.metapress.com/openurl.asp?genre=article{\&}issn=0302-9743{\&}volume=2987{\&}spage=105},
  crossref  = {DBLP:conf/fossacs/2004},
  bibsource = {DBLP, http://dblp.uni-trier.de}
}

@proceedings{DBLP:conf/fossacs/2004,
  editor    = {Igor Walukiewicz},
  title     = {Foundations of Software Science and Computation Structures,
               7th International Conference, FOSSACS 2004, Held as Part
               of the Joint European Conferences on Theory and Practice
               of Software, ETAPS 2004, Barcelona, Spain, March 29 - April
               2, 2004, Proceedings},
  booktitle = {FoSSaCS},
  publisher = {Springer},
  series    = lncs,
  volume    = {2987},
  year      = {2004},
  isbn      = {3-540-21298-1},
  bibsource = {DBLP, http://dblp.uni-trier.de}
}

@inproceedings{dauchet90lics,
  author =	 {Max Dauchet and Sophie Tison},
  title =	 {The Theory of Ground Rewrite Systems is Decidable},
  booktitle =	 {LICS'90},
  year =	 1990,
  pages =	 {242-248},
  crossref =	 {DBLP:conf/lics/LICS5},
  bibsource =	 {DBLP, http://dblp.uni-trier.de}
}

@article{dawar,
  author    = {Anuj Dawar and
               Philippa Gardner and
               Giorgio Ghelli},
  title     = {Expressiveness and complexity of graph logic},
  journal   = {Inf. Comput.},
  volume    = {205},
  number    = {3},
  year      = {2007},
  pages     = {263-310},
  ee        = {http://dx.doi.org/10.1016/j.ic.2006.10.006},
  bibsource = {DBLP, http://dblp.uni-trier.de}
}

@inproceedings{dockins2009fresh,
  author    = {Robert Dockins and
               Aquinas Hobor and
               Andrew W. Appel},
  title     = {A Fresh Look at Separation Algebras and Share Accounting},
  booktitle = {APLAS},
  year      = {2009},
  pages     = {161-177},
  ee        = {http://springerlink.metapress.com/content/rp5547377166x21j/},
  crossref  = {DBLP:conf/aplas/2009},
  bibsource = {DBLP, http://dblp.uni-trier.de}
}

@article{variablesAsResource,
  author    = {Richard Bornat and
               Cristiano Calcagno and
               Hongseok Yang},
  title     = {Variables as Resource in Separation Logic},
  journal   = {ENTCS},
  volume    = {155},
  year      = {2006},
  pages     = {247-276},
  ee        = {http://dx.doi.org/10.1016/j.entcs.2005.11.059},
  bibsource = {DBLP, http://dblp.uni-trier.de}
}

@article{gabbaypitts,
  author    = {Murdoch Gabbay and
               Andrew M. Pitts},
  title     = {A New Approach to Abstract Syntax with Variable Binding},
  journal   = {Formal Asp. Comput.},
  volume    = {13},
  number    = {3-5},
  year      = {2002},
  pages     = {341-363},
  ee        = {http://link.springer.de/link/service/journals/00165/bibs/2013003/20130341.htm},
  bibsource = {DBLP, http://dblp.uni-trier.de}
}

@article{girard,
  author    = {Jean-Yves Girard},
  title     = {Linear Logic},
  journal   = {Theor. Comput. Sci.},
  volume    = {50},
  year      = {1987},
  pages     = {1-102},
  bibsource = {DBLP, http://dblp.uni-trier.de}
}

@book{h&p,
  author    = {John L. Hennessy and
               David A. Patterson},
  title     = {Computer Architecture: A Quantitative Approach, 2nd Edition},
  publisher = {Morgan Kaufmann},
  year      = {1996},
  isbn      = {1-55860-329-8},
  bibsource = {DBLP, http://dblp.uni-trier.de}
}

@article{hoarelogic,
  author    = {Tony Hoare},
  title     = {An Axiomatic Basis for Computer Programming},
  journal   = {C. ACM},
  volume    = {12},
  number    = {10},
  year      = {1969},
  pages     = {576-580},
  ee        = {http://doi.acm.org/10.1145/363235.363259},
  bibsource = {DBLP, http://dblp.uni-trier.de}
}

@article{identical97,
  author    = {Alain Finkel and
               Pierre McKenzie},
  title     = {Verifying Identical Communicating Processes is Undecidable},
  journal   = {Theor. Comput. Sci.},
  volume    = {174},
  number    = {1-2},
  year      = {1997},
  pages     = {217-230},
  ee        = {http://dx.doi.org/10.1016/S0304-3975(96)00026-6},
  bibsource = {DBLP, http://dblp.uni-trier.de}
}

@inproceedings{adve90,
  author    = {Sarita V. Adve and
               Mark D. Hill},
  title     = {Weak Ordering - A New Definition},
  booktitle = {ISCA},
  year      = {1990},
  pages     = {2-14},
  bibsource = {DBLP, http://dblp.uni-trier.de}
}

@phdthesis{adve93,
  title={Designing memory consistency models for shared-memory multiprocessors},
  author={Adve, Sarita V.},
  year={1993},
}

@article{lamportSC,
  author    = {Leslie Lamport},
  title     = {How to Make a Multiprocessor Computer That Correctly Executes
               Multiprocess Programs},
  journal   = {IEEE Trans. Computers},
  volume    = {28},
  number    = {9},
  year      = {1979},
  pages     = {690-691},
  bibsource = {DBLP, http://dblp.uni-trier.de}
}

@article{lozes-TCS05,
  author    = {{\'E}tienne Lozes},
  title     = {Elimination of spatial connectives in static spatial logics},
  journal   = {Theor. Comput. Sci.},
  volume    = {330},
  number    = {3},
  year      = {2005},
  pages     = {475-499},
  ee        = {http://dx.doi.org/10.1016/j.tcs.2004.10.006},
  bibsource = {DBLP, http://dblp.uni-trier.de}
}

@article{maurice06lcl,
  author    = {Steve Heller and
               Maurice Herlihy and
               Victor Luchangco and
               Mark Moir and
               William N. Scherer III and
               Nir Shavit},
  title     = {A Lazy Concurrent List-Based Set Algorithm},
  journal   = {Parallel Processing Letters},
  volume    = {17},
  number    = {4},
  year      = {2007},
  pages     = {411-424},
  ee        = {http://dx.doi.org/10.1142/S0129626407003125},
  bibsource = {DBLP, http://dblp.uni-trier.de}
}

@book{minsky67,
  title =	 {Computation: finite and infinite machines},
  author =	 {Minsky, Marvin L.},
  year =	 1967
}

@Article{burstall,
  author =       {Rodney M. Burstall},
  title =        {Some techniques for proving correctness of programs which alter data structures},
  journal =      {Machine Intelligence},
  volume =       {7},
  number =       {1},
  year =         {1972},
  pages =        {23--50},
}

@inproceedings{multipartyasynch,
  author =	 {Kohei Honda and Nobuko Yoshida and Marco Carbone},
  title =	 {Multiparty asynchronous session types},
  booktitle =	 {POPL},
  year =	 2008,
  pages =	 {273-284},
  ee =		 {http://doi.acm.org/10.1145/1328438.1328472},
  crossref =	 {DBLP:conf/popl/2008},
  bibsource =	 {DBLP, http://dblp.uni-trier.de}
}

@inproceedings{parametrised-st,
  author    = {Nobuko Yoshida and
               Pierre-Malo Deni{\'e}lou and
               Andi Bejleri and
               Raymond Hu},
  title     = {Parameterised Multiparty Session Types},
  booktitle = {FOSSACS},
  year      = {2010},
  pages     = {128-145},
  ee        = {http://dx.doi.org/10.1007/978-3-642-12032-9_10},
  crossref  = {DBLP:conf/fossacs/2010},
  bibsource = {DBLP, http://dblp.uni-trier.de}
}

@article{csl-tcs,
  author    = {Peter W. O'Hearn},
  title     = {Resources, concurrency, and local reasoning},
  journal   = {TCS},
  volume    = {375},
  number    = {1-3},
  year      = {2007},
  pages     = {271-307},
  ee        = {http://dx.doi.org/10.1016/j.tcs.2006.12.035},
  bibsource = {DBLP, http://dblp.uni-trier.de}
}

@inproceedings{csl-orig,
  author    = {Peter W. O'Hearn},
  title     = {Resources, Concurrency and Local Reasoning},
  booktitle = {CONCUR},
  year      = {2004},
  pages     = {49-67},
  ee        = {http://springerlink.metapress.com/openurl.asp?genre=article{\&}issn=0302-9743{\&}volume=3170{\&}spage=49},
  crossref  = {DBLP:conf/concur/2004},
  bibsource = {DBLP, http://dblp.uni-trier.de}
}

@article{pi,
  author    = {Robin Milner and
               Joachim Parrow and
               David Walker},
  title     = {A Calculus of Mobile Processes, I},
  journal   = {Inf. Comput.},
  volume    = {100},
  number    = {1},
  year      = {1992},
  pages     = {1-40},
  bibsource = {DBLP, http://dblp.uni-trier.de}
}

@article{pohoare,
  author    = {Tony Hoare and
               Peter W. O'Hearn},
  title     = {Separation Logic Semantics for Communicating Processes},
  journal   = {ENTCS},
  volume    = {212},
  year      = {2008},
  pages     = {3-25},
  ee        = {http://dx.doi.org/10.1016/j.entcs.2008.04.050},
  bibsource = {DBLP, http://dblp.uni-trier.de}
}

@inproceedings{proverif,
  author    = {Bruno Blanchet},
  title     = {Automatic Proof of Strong Secrecy for Security Protocols},
  booktitle = {IEEE Symposium on Security and Privacy},
  year      = {2004},
  pages     = {86-},
  ee        = {http://csdl.computer.org/comp/proceedings/sp/2004/2136/00/21360086abs.htm},
  crossref  = {DBLP:conf/sp/2004},
  bibsource = {DBLP, http://dblp.uni-trier.de}
}

@proceedings{DBLP:conf/sp/2004,
  title     = {2004 IEEE Symposium on Security and Privacy (S{\&}P 2004),
               9-12 May 2004, Berkeley, CA, USA},
  booktitle = {IEEE Symposium on Security and Privacy},
  publisher = {IEEE Computer Society},
  year      = {2004},
  isbn      = {0-7695-2136-3},
  bibsource = {DBLP, http://dblp.uni-trier.de}
}

@phdthesis{arnaud,
  title={V{\'e}rification de syst{\`e}mes avec compteurs et pointeurs},
  author={Sangnier, A.},
  year={2008},
  school={{\'E}cole Normale Sup{\'e}rieure de Cachan}
}

@inproceedings{laviron2010separating,
  author    = {Vincent Laviron and
               Bor-Yuh Evan Chang and
               Xavier Rival},
  title     = {Separating Shape Graphs},
  booktitle = {ESOP},
  year      = {2010},
  pages     = {387-406},
  ee        = {http://dx.doi.org/10.1007/978-3-642-11957-6_21},
  crossref  = {DBLP:conf/esop/2010},
  bibsource = {DBLP, http://dblp.uni-trier.de}
}

@inproceedings{astree,
  author    = {Bruno Blanchet and
               Patrick Cousot and
               Radhia Cousot and
               J{\'e}r{\^o}me Feret and
               Laurent Mauborgne and
               Antoine Min{\'e} and
               David Monniaux and
               Xavier Rival},
  title     = {Design and Implementation of a Special-Purpose Static Program
               Analyzer for Safety-Critical Real-Time Embedded Software},
  booktitle = {The Essence of Computation},
  year      = {2002},
  pages     = {85-108},
  ee        = {http://link.springer.de/link/service/series/0558/bibs/2566/25660085.htm},
  crossref  = {DBLP:conf/birthday/2002jones},
  bibsource = {DBLP, http://dblp.uni-trier.de}
}

@proceedings{DBLP:conf/birthday/2002jones,
  editor    = {Torben {\AE}. Mogensen and
               David A. Schmidt and
               Ivan Hal Sudborough},
  title     = {The Essence of Computation, Complexity, Analysis, Transformation.
               Essays Dedicated to Neil D. Jones [on occasion of his 60th
               birthday]},
  booktitle = {The Essence of Computation},
  publisher = {Springer},
  series    = {LNCS},
  volume    = {2566},
  year      = {2002},
  isbn      = {3-540-00326-6},
  bibsource = {DBLP, http://dblp.uni-trier.de}
}

@inproceedings{bouajjani2007context,
  author    = {Ahmed Bouajjani and
               S{\'e}verine Fratani and
               Shaz Qadeer},
  title     = {Context-Bounded Analysis of Multithreaded Programs with
               Dynamic Linked Structures},
  booktitle = {CAV},
  year      = {2007},
  pages     = {207-220},
  ee        = {http://dx.doi.org/10.1007/978-3-540-73368-3_24},
  crossref  = {DBLP:conf/cav/2007},
  bibsource = {DBLP, http://dblp.uni-trier.de}
}

@inproceedings{o2001local,
  author    = {Peter W. O'Hearn and
               John C. Reynolds and
               Hongseok Yang},
  title     = {Local Reasoning about Programs that Alter Data Structures},
  booktitle = {CSL},
  year      = {2001},
  pages     = {1-19},
  ee        = {http://link.springer.de/link/service/series/0558/bibs/2142/21420001.htm},
  crossref  = {DBLP:conf/csl/2001},
  bibsource = {DBLP, http://dblp.uni-trier.de}
}

@proceedings{DBLP:conf/csl/2001,
  editor    = {Laurent Fribourg},
  title     = {Computer Science Logic, 15th International Workshop, CSL
               2001. 10th Annual Conference of the EACSL, Paris, France,
               September 10-13, 2001, Proceedings},
  booktitle = {CSL},
  publisher = {Springer},
  series    = {LNCS},
  volume    = {2142},
  year      = {2001},
  isbn      = {3-540-42554-3},
  bibsource = {DBLP, http://dblp.uni-trier.de}
}

@inproceedings{VLC-tacas10,
  author    = {Jules Villard and
               {\'E}tienne Lozes and
               Cristiano Calcagno},
  title     = {Tracking Heaps That Hop with {H}eap-{H}op},
  booktitle = {TACAS},
  year      = {2010},
  pages     = {275-279},
  ee        = {http://dx.doi.org/10.1007/978-3-642-12002-2_23},
  crossref  = {DBLP:conf/tacas/2010},
  bibsource = {DBLP, http://dblp.uni-trier.de}
}

@proceedings{DBLP:conf/tacas/2010,
  editor    = {Javier Esparza and
               Rupak Majumdar},
  title     = {Tools and Algorithms for the Construction and Analysis of
               Systems, 16th International Conference, TACAS 2010, Held
               as Part of the Joint European Conferences on Theory and
               Practice of Software, ETAPS 2010, Paphos, Cyprus, March
               20-28, 2010. Proceedings},
  booktitle = {TACAS},
  publisher = {Springer},
  series    = lncs,
  volume    = {6015},
  year      = {2010},
  isbn      = {978-3-642-12001-5},
  ee        = {http://dx.doi.org/10.1007/978-3-642-12002-2},
  bibsource = {DBLP, http://dblp.uni-trier.de}
}

@article{bi,
  author    = {Peter W. O'Hearn and
               David J. Pym},
  title     = {The logic of bunched implications},
  journal   = {Bulletin of Symbolic Logic},
  volume    = {5},
  number    = {2},
  year      = {1999},
  pages     = {215-244},
  ee        = {http://www.math.ucla.edu/$\sim$asl/bsl/0502/0502-003.ps},
  bibsource = {DBLP, http://dblp.uni-trier.de}
}

@article{pym2006cal,
  author    = {David J. Pym and
               Chris M. N. Tofts},
  title     = {A Calculus and logic of resources and processes},
  journal   = {Formal Asp. Comput.},
  volume    = {18},
  number    = {4},
  year      = {2006},
  pages     = {495-517},
  ee        = {http://dx.doi.org/10.1007/s00165-006-0018-z},
  bibsource = {DBLP, http://dblp.uni-trier.de}
}

@inproceedings{chachalice,
  author    = {K. Rustan M. Leino and
               Peter M{\"u}ller and
               Jan Smans},
  title     = {Deadlock-Free Channels and Locks},
  booktitle = {ESOP},
  year      = {2010},
  pages     = {407-426},
  ee        = {http://dx.doi.org/10.1007/978-3-642-11957-6_22},
  crossref  = {DBLP:conf/esop/2010},
  bibsource = {DBLP, http://dblp.uni-trier.de}
}

@inproceedings{chalice,
  author    = {K. Rustan M. Leino and
               Peter M{\"u}ller},
  title     = {A Basis for Verifying Multi-threaded Programs},
  booktitle = {ESOP},
  year      = {2009},
  pages     = {378-393},
  ee        = {http://dx.doi.org/10.1007/978-3-642-00590-9_27},
  crossref  = {DBLP:conf/esop/2009},
  bibsource = {DBLP, http://dblp.uni-trier.de}
}

@inproceedings{rg,
  author    = {Cliff B. Jones},
  title     = {Specification and Design of (Parallel) Programs},
  booktitle = {IFIP Cong.},
  year      = {1983},
  pages     = {321-332},
  bibsource = {DBLP, http://dblp.uni-trier.de}
}

@inproceedings{seplog,
  author    = {Samin S. Ishtiaq and
               Peter W. O'Hearn},
  title     = {{BI} as an Assertion Language for Mutable Data Structures},
  booktitle = {POPL},
  year      = {2001},
  pages     = {14-26},
  bibsource = {DBLP, http://dblp.uni-trier.de}
}

@book{maumau,
  title={The Art of Multiprocessor Programming},
  author={Herlihy, Maurice and Shavit, Nir},
  year={2008},
  publisher={Morgan Kaufmann Pub}
}

@inproceedings{sessiontypes-honda,
  author    = {Kohei Honda and
               Vasco Thudichum Vasconcelos and
               Makoto Kubo},
  title     = {Language Primitives and Type Discipline for Structured Communication-Based
               Programming},
  booktitle = {ESOP},
  year      = {1998},
  pages     = {122-138},
  ee        = {http://dx.doi.org/10.1007/BFb0053567},
  crossref  = {DBLP:conf/esop/1998},
  bibsource = {DBLP, http://dblp.uni-trier.de}
}

@proceedings{DBLP:conf/esop/1998,
  editor    = {Chris Hankin},
  title     = {Programming Languages and Systems - ESOP'98, 7th European
               Symposium on Programming, Held as Part of the European Joint
               Conferences on the Theory and Practice of Software, ETAPS'98,
               Lisbon, Portugal, March 28 - April 4, 1998, Proceedings},
  booktitle = {ESOP},
  publisher = {Springer},
  series    = lncs,
  volume    = {1381},
  year      = {1998},
  isbn      = {3-540-64302-8},
  bibsource = {DBLP, http://dblp.uni-trier.de}
}

@phdthesis{skramerPhDthesis,
  Author =	 {Simon Kramer},
  Keywords =	 {applied formal logic, information security},
  School =	 {\'{E}cole {P}olytechnique {F}\'{e}d\'{e}rale de
                  {L}ausanne},
  Title =	 {Logical Concepts in Cryptography},
  Url =		 {http://library.epfl.ch/en/theses/?nr=3845},
  Year =	 2007
}

@inproceedings{bell-concurrent,
  author    = {Christian J. Bell and
               Andrew W. Appel and
               David Walker},
  title     = {Concurrent Separation Logic for Pipelined Parallelization},
  booktitle = {SAS},
  year      = {2010},
  pages     = {151-166},
  ee        = {http://dx.doi.org/10.1007/978-3-642-15769-1_10},
  crossref  = {DBLP:conf/sas/2010},
  bibsource = {DBLP, http://dblp.uni-trier.de}
}

@proceedings{DBLP:conf/sas/2010,
  editor    = {Radhia Cousot and
               Matthieu Martel},
  title     = {Static Analysis - 17th International Symposium, SAS 2010,
               Perpignan, France, September 14-16, 2010. Proceedings},
  booktitle = {SAS},
  publisher = {Springer},
  series    = lncs,
  volume    = {6337},
  year      = {2010},
  isbn      = {978-3-642-15768-4},
  ee        = {http://dx.doi.org/10.1007/978-3-642-15769-1},
  bibsource = {DBLP, http://dblp.uni-trier.de}
}

@phdthesis{parkinson,
  title={Local reasoning for {Java}},
  author={Parkinson, Matthew J.},
  school={University of Cambridge},
  year={2005},
}

@inproceedings{trex,
  author    = {Aurore Annichini and
               Ahmed Bouajjani and
               Mihaela Sighireanu},
  title     = {{TReX}: A Tool for Reachability Analysis of Complex Systems},
  booktitle = {CAV},
  year      = {2001},
  pages     = {368-372},
  ee        = {http://link.springer.de/link/service/series/0558/bibs/2102/21020368.htm},
  crossref  = {DBLP:conf/cav/2001},
  bibsource = {DBLP, http://dblp.uni-trier.de}
}

@proceedings{DBLP:conf/cav/2001,
  editor    = {G{\'e}rard Berry and
               Hubert Comon and
               Alain Finkel},
  title     = {Computer Aided Verification, 13th International Conference,
               CAV 2001, Paris, France, July 18-22, 2001, Proceedings},
  booktitle = {CAV},
  publisher = {Springer},
  series    = lncs,
  volume    = {2102},
  year      = {2001},
  isbn      = {3-540-42345-1},
  bibsource = {DBLP, http://dblp.uni-trier.de}
}

@inproceedings{bornat2005permission,
  author    = {Richard Bornat and
               Cristiano Calcagno and
               Peter W. O'Hearn and
               Matthew J. Parkinson},
  title     = {Permission accounting in separation logic},
  booktitle = {POPL},
  year      = {2005},
  pages     = {259-270},
  ee        = {http://doi.acm.org/10.1145/1040305.1040327},
  crossref  = {DBLP:conf/popl/2005},
  bibsource = {DBLP, http://dblp.uni-trier.de}
}

@proceedings{DBLP:conf/popl/2005,
  editor    = {Jens Palsberg and
               Mart\'{\i}n Abadi},
  title     = {Proceedings of the 32nd ACM SIGPLAN-SIGACT Symposium on
               Principles of Programming Languages, POPL 2005, Long Beach,
               California, USA, January 12-14, 2005},
  booktitle = {POPL},
  publisher = {ACM},
  year      = {2005},
  isbn      = {1-58113-830-X},
  bibsource = {DBLP, http://dblp.uni-trier.de}
}

@inproceedings{smallfoot,
  author    = {Josh Berdine and
               Cristiano Calcagno and
               Peter W. O'Hearn},
  title     = {Smallfoot: Modular Automatic Assertion Checking with Separation
               Logic},
  booktitle = {FMCO},
  year      = {2005},
  pages     = {115-137},
  ee        = {http://dx.doi.org/10.1007/11804192_6},
  crossref  = {DBLP:conf/fmco/2005},
  bibsource = {DBLP, http://dblp.uni-trier.de}
}

@proceedings{DBLP:conf/fmco/2005,
  editor    = {Frank S. de Boer and
               Marcello M. Bonsangue and
               Susanne Graf and
               Willem P. de Roever},
  title     = {Formal Methods for Components and Objects, 4th International
               Symposium, FMCO 2005, Amsterdam, The Netherlands, November
               1-4, 2005, Revised Lectures},
  booktitle = {FMCO},
  publisher = {Springer},
  series    = lncs,
  volume    = {4111},
  year      = {2006},
  isbn      = {3-540-36749-7},
  bibsource = {DBLP, http://dblp.uni-trier.de}
}

@inproceedings{stengel2009analyzing,
  author    = {Zachary Stengel and
               Tevfik Bultan},
  title     = {Analyzing {Singularity} channel contracts},
  booktitle = {ISSTA},
  year      = {2009},
  pages     = {13-24},
  ee        = {http://doi.acm.org/10.1145/1572272.1572275},
  crossref  = {DBLP:conf/issta/2009},
  bibsource = {DBLP, http://dblp.uni-trier.de}
}

@proceedings{DBLP:conf/issta/2009,
  editor    = {Gregg Rothermel and
               Laura K. Dillon},
  title     = {Proceedings of the Eighteenth International Symposium on
               Software Testing and Analysis, ISSTA 2009, Chicago, IL,
               USA, July 19-23, 2009},
  booktitle = {ISSTA},
  publisher = {ACM},
  year      = {2009},
  isbn      = {978-1-60558-338-9},
  bibsource = {DBLP, http://dblp.uni-trier.de}
}

@inproceedings{sos,
  author    = {Manuel F{\"a}hndrich and
               Mark Aiken and
               Chris Hawblitzel and
               Orion Hodson and
               Galen C. Hunt and
               James R. Larus and
               Steven Levi},
  title     = {Language support for fast and reliable message-based communication
               in {Singularity} {OS}},
  booktitle = {EuroSys},
  year      = {2006},
  pages     = {177-190},
  ee        = {http://doi.acm.org/10.1145/1217935.1217953},
  crossref  = {DBLP:conf/eurosys/2006},
  bibsource = {DBLP, http://dblp.uni-trier.de}
}

@proceedings{DBLP:conf/eurosys/2006,
  editor    = {Yolande Berbers and
               Willy Zwaenepoel},
  title     = {Proceedings of the 2006 EuroSys Conference, Leuven, Belgium,
               April 18-21, 2006},
  booktitle = {EuroSys},
  publisher = {ACM},
  year      = {2006},
  isbn      = {1-59593-322-0},
  bibsource = {DBLP, http://dblp.uni-trier.de}
}

@inproceedings{sessiontypes,
  author    = {Kaku Takeuchi and
               Kohei Honda and
               Makoto Kubo},
  title     = {An Interaction-based Language and its Typing System},
  booktitle = {PARLE},
  year      = {1994},
  pages     = {398-413},
  crossref  = {DBLP:conf/parle/1994},
  bibsource = {DBLP, http://dblp.uni-trier.de}
}

@proceedings{DBLP:conf/parle/1994,
  editor    = {Constantine Halatsis and
               Dimitris G. Maritsas and
               George Philokyprou and
               Sergios Theodoridis},
  title     = {PARLE '94: Parallel Architectures and Languages Europe,
               6th International PARLE Conference, Athens, Greece, July
               4-8, 1994, Proceedings},
  booktitle = {PARLE},
  publisher = {Springer},
  series    = lncs,
  volume    = {817},
  year      = {1994},
  isbn      = {3-540-58184-7},
  bibsource = {DBLP, http://dblp.uni-trier.de}
}

@InProceedings{floydlogic,
  author =       {Robert W. Floyd},
  title =        {Assigning meanings to programs},
  booktitle =    {Proceedings of the Symposium on Applied Mathematics},
  volume =       {19},
  pages =        {19--32},
  year =         {1967},
  editor =       {J. T. Schwartz},
  publisher =    {AMS},
}

@Misc{tata2007,
  author =	 {Hubert Comon and Max Dauchet and Remi Gilleron and
                  Florent Jacquemard and Denis Lugiez and Christof
                  L\Â¨oding and Sophie Tison and Marc Tommasi},
  title =	 {Tree Automata Techniques and Applications},
  howpublished = {Available on:
                  \url{http://www.grappa.univ-lille3.fr/tata}},
  note =	 {release October, 12th 2007},
  year =	 2007
}

@inproceedings{viktor-marriage,
  author =	 {Viktor Vafeiadis and Matthew J. Parkinson},
  title =	 {A Marriage of Rely/Guarantee and Separation Logic},
  booktitle =	 {CONCUR},
  year =	 2007,
  pages =	 {256-271},
  ee =		 {http://dx.doi.org/10.1007/978-3-540-74407-8_18},
  crossref =	 {DBLP:conf/concur/2007},
  bibsource =	 {DBLP, http://dblp.uni-trier.de}
}

@inproceedings{calcagno2001garbage,
  author    = {Cristiano Calcagno and
               Peter W. O'Hearn},
  title     = {On Garbage and Program Logic},
  booktitle = {FoSSaCS},
  year      = {2001},
  pages     = {137-151},
  ee        = {http://link.springer.de/link/service/series/0558/bibs/2030/20300137.htm},
  crossref  = {DBLP:conf/fossacs/2001},
  bibsource = {DBLP, http://dblp.uni-trier.de}
}

@inproceedings{stbuffers10,
  author    = {Pierre-Malo Deni{\'e}lou and
               Nobuko Yoshida},
  title     = {Buffered Communication Analysis in Distributed Multiparty
               Sessions},
  booktitle = {CONCUR},
  year      = {2010},
  pages     = {343-357},
  ee        = {http://dx.doi.org/10.1007/978-3-642-15375-4_24},
  crossref  = {DBLP:conf/concur/2010},
  bibsource = {DBLP, http://dblp.uni-trier.de}
}

@proceedings{DBLP:conf/concur/2010,
  editor    = {Paul Gastin and
               Fran\c{c}ois Laroussinie},
  title     = {CONCUR 2010 - Concurrency Theory, 21th International Conference,
               CONCUR 2010, Paris, France, August 31-September 3, 2010.
               Proceedings},
  booktitle = {CONCUR},
  publisher = {Springer},
  series    = lncs,
  volume    = {6269},
  year      = {2010},
  isbn      = {978-3-642-15374-7},
  ee        = {http://dx.doi.org/10.1007/978-3-642-15375-4},
  bibsource = {DBLP, http://dblp.uni-trier.de}
}

@proceedings{DBLP:conf/fossacs/2001,
  editor    = {Furio Honsell and
               Marino Miculan},
  title     = {Foundations of Software Science and Computation Structures,
               4th International Conference, FOSSACS 2001 Held as Part
               of the Joint European Conferences on Theory and Practice
               of Software, ETAPS 2001 Genova, Italy, April 2-6, 2001,
               Proceedings},
  booktitle = {FoSSaCS},
  publisher = {Springer},
  series    = lncs,
  volume    = {2030},
  year      = {2001},
  isbn      = {3-540-41864-4},
  bibsource = {DBLP, http://dblp.uni-trier.de}
}

@inproceedings{vv07msc,
  author    = {Cristiano Calcagno and
               Matthew J. Parkinson and
               Viktor Vafeiadis},
  title     = {Modular Safety Checking for Fine-Grained Concurrency},
  booktitle = {SAS},
  year      = {2007},
  pages     = {233-248},
  ee        = {http://dx.doi.org/10.1007/978-3-540-74061-2_15},
  crossref  = {DBLP:conf/sas/2007},
  bibsource = {DBLP, http://dblp.uni-trier.de}
}

@proceedings{DBLP:conf/sas/2007,
  editor    = {Hanne Riis Nielson and
               Gilberto Fil{\'e}},
  title     = {Static Analysis, 14th International Symposium, SAS 2007,
               Kongens Lyngby, Denmark, August 22-24, 2007, Proceedings},
  booktitle = {SAS},
  publisher = {Springer},
  series    = lncs,
  volume    = {4634},
  year      = {2007},
  isbn      = {978-3-540-74060-5},
  bibsource = {DBLP, http://dblp.uni-trier.de}
}

@proceedings{DBLP:conf/aplas/2007,
  title =	 {Programming Languages and Systems, 5th Asian
                  Symposium, APLAS 2007, Singapore, November
                  29-December 1, 2007, Proceedings},
  booktitle =	 {APLAS},
  series =	 LNCS,
  year =	 2007,
  isbn =	 {978-3-540-76636-0},
  bibsource =	 {DBLP, http://dblp.uni-trier.de}
}

@proceedings{DBLP:conf/concur/2007,
  editor =	 {Lu\'{\i}s Caires and Vasco Thudichum Vasconcelos},
  title =	 {CONCUR 2007 - Concurrency Theory, 18th International
                  Conference, CONCUR 2007, Lisbon, Portugal, September
                  3-8, 2007, Proceedings},
  booktitle =	 {CONCUR},
  publisher =	 {Springer},
  series =	 lncs,
  volume =	 4703,
  year =	 2007,
  isbn =	 {978-3-540-74406-1},
  bibsource =	 {DBLP, http://dblp.uni-trier.de}
}

@proceedings{DBLP:conf/csfw/2005,
  title =	 {18th IEEE Computer Security Foundations Workshop,
                  (CSFW-18 2005), 20-22 June 2005, Aix-en-Provence,
                  France},
  booktitle =	 {CSFW},
  publisher =	 {IEEE Computer Society},
  year =	 2005,
  isbn =	 {0-7695-2340-4},
  bibsource =	 {DBLP, http://dblp.uni-trier.de}
}

@proceedings{DBLP:conf/ecoop/2010,
  editor =	 {Theo D'Hondt},
  title =	 {ECOOP 2010 - Object-Oriented Programming, 24th
                  European Conference, Maribor, Slovenia, June 21-25,
                  2010. Proceedings},
  booktitle =	 {ECOOP},
  publisher =	 {Springer},
  series =	 lncs,
  volume =	 6183,
  year =	 2010,
  isbn =	 {978-3-642-14106-5},
  ee =		 {http://dx.doi.org/10.1007/978-3-642-14107-2},
  bibsource =	 {DBLP, http://dblp.uni-trier.de}
}

@proceedings{DBLP:conf/esop/2010,
  title =	 {Programming Languages and Systems, 19th European
                  Symposium on Programming, ESOP 2010, Held as Part of
                  the Joint European Conferences on Theory and
                  Practice of Software, ETAPS 2010, Paphos, Cyprus,
                  March 20-28, 2010. Proceedings},
  booktitle =	 {ESOP},
  publisher =	 {Springer},
  series =	 LNCS,
  volume =	 6012,
  year =	 2010,
  isbn =	 {978-3-642-11956-9},
  ee =		 {http://dx.doi.org/10.1007/978-3-642-11957-6},
  bibsource =	 {DBLP, http://dblp.uni-trier.de}
}

@proceedings{DBLP:conf/fossacs/2008,
  title =	 {Foundations of Software Science and Computational
                  Structures, 11th International Conference, FOSSACS
                  2008, Held as Part of the Joint European Conferences
                  on Theory and Practice of Software, ETAPS 2008,
                  Budapest, Hungary, March 29 - April 6,
                  2008. Proceedings},
  booktitle =	 {FoSSaCS},
  publisher =	 {Springer},
  series =	 lncs,
  volume =	 4962,
  year =	 2008,
  isbn =	 {978-3-540-78497-5},
  bibsource =	 {DBLP, http://dblp.uni-trier.de}
}

@proceedings{DBLP:conf/icalp/2004,
  editor =	 {Josep D\'{\i}az and Juhani Karhum{\"a}ki and Arto
                  Lepist{\"o} and Donald Sannella},
  title =	 {Automata, Languages and Programming: 31st
                  International Colloquium, ICALP 2004, Turku,
                  Finland, July 12-16, 2004.  Proceedings},
  booktitle =	 {ICALP},
  publisher =	 {Springer},
  series =	 lncs,
  volume =	 3142,
  year =	 2004,
  isbn =	 {3-540-22849-7},
  bibsource =	 {DBLP, http://dblp.uni-trier.de}
}

@proceedings{DBLP:conf/lics/LICS5,
  title =	 {Proceedings, Fifth Annual IEEE Symposium on Logic in
                  Computer Science, 4-7 June 1990, Philadelphia,
                  Pennsylvania, USA},
  booktitle =	 {LICS},
  publisher =	 {IEEE Computer Society},
  year =	 1990,
  bibsource =	 {DBLP, http://dblp.uni-trier.de}
}

@proceedings{DBLP:conf/popl/2008,
  editor =	 {George C. Necula and Philip Wadler},
  title =	 {Proceedings of the 35th ACM SIGPLAN-SIGACT Symposium
                  on Principles of Programming Languages, POPL 2008,
                  San Francisco, California, USA, January 7-12, 2008},
  booktitle =	 {POPL},
  publisher =	 {ACM},
  year =	 2008,
  isbn =	 {978-1-59593-689-9},
  bibsource =	 {DBLP, http://dblp.uni-trier.de}
}

@proceedings{DBLP:conf/tldi/2003,
  editor =	 {Zhong Shao and Peter Lee},
  title =	 {Proceedings of TLDI'03: 2003 ACM SIGPLAN
                  International Workshop on Types in Languages Design
                  and Implementation, New Orleans, Louisiana, USA,
                  January 18, 2003},
  booktitle =	 {TLDI},
  publisher =	 {ACM},
  year =	 2003,
  isbn =	 {1-58113-649-8},
  bibsource =	 {DBLP, http://dblp.uni-trier.de}
}

@proceedings{DBLP:conf/fossacs/2010,
  editor    = {C.-H. Luke Ong},
  title     = {Foundations of Software Science and Computational Structures,
               13th International Conference, FOSSACS 2010, Held as Part
               of the Joint European Conferences on Theory and Practice
               of Software, ETAPS 2010, Paphos, Cyprus, March 20-28, 2010.
               Proceedings},
  booktitle = {FOSSACS},
  publisher = {Springer},
  series    = lncs,
  volume    = {6014},
  year      = {2010},
  isbn      = {978-3-642-12031-2},
  ee        = {http://dx.doi.org/10.1007/978-3-642-12032-9},
  bibsource = {DBLP, http://dblp.uni-trier.de}
}

@inproceedings{lossy,
   author    = {Parosh Aziz Abdulla and
                Bengt Jonsson},
   title     = {Verifying Programs with Unreliable Channels},
   booktitle = {LICS},
   year      = {1993},
   pages     = {160-170},
   crossref  = {DBLP:conf/lics/LICS8},
   bibsource = {DBLP, http://dblp.uni-trier.de}
}

@proceedings{DBLP:conf/lics/LICS8,
   title     = {Proceedings, Eighth Annual IEEE Symposium on Logic in
Computer
                Science, 19-23 June 1993, Montreal, Canada},
   booktitle = {LICS},
   publisher = {IEEE Computer Society},
   year      = {1993},
   bibsource = {DBLP, http://dblp.uni-trier.de}
}

@inproceedings{vass77deci,
  author    = {George S. Sacerdote and
               Richard L. Tenney},
  title     = {The Decidability of the Reachability Problem for Vector
               Addition Systems (Preliminary Version)},
  booktitle = {STOC},
  year      = {1977},
  pages     = {61-76},
  crossref  = {DBLP:conf/stoc/STOC9},
  bibsource = {DBLP, http://dblp.uni-trier.de}
}

@proceedings{DBLP:conf/stoc/STOC9,
  title     = {Conference Record of the Ninth Annual ACM Symposium on Theory
               of Computing, 2-4 May 1977, Boulder, Colorado, USA},
  booktitle = {STOC},
  publisher = {ACM},
  year      = {1977},
  bibsource = {DBLP, http://dblp.uni-trier.de}
}

@inproceedings{petrinet81deci,
  author    = {Ernst W. Mayr},
  title     = {An Algorithm for the General Petri Net Reachability Problem},
  booktitle = {STOC},
  year      = {1981},
  pages     = {238-246},
  crossref  = {DBLP:conf/stoc/STOC13},
  bibsource = {DBLP, http://dblp.uni-trier.de}
}

@proceedings{DBLP:conf/stoc/STOC13,
  title     = {Conference Proceedings of the Thirteenth Annual ACM Symposium
               on Theory of Computation, 11-13 May 1981, Milwaukee, Wisconsin,
               USA},
  booktitle = {STOC},
  publisher = {ACM},
  year      = {1981},
  bibsource = {DBLP, http://dblp.uni-trier.de}
}

@proceedings{DBLP:conf/concur/2004,
  editor    = {Philippa Gardner and
               Nobuko Yoshida},
  title     = {CONCUR 2004 - Concurrency Theory, 15th International Conference,
               London, UK, August 31 - September 3, 2004, Proceedings},
  booktitle = {CONCUR},
  publisher = {Springer},
  series    = lncs,
  volume    = {3170},
  year      = {2004},
  isbn      = {3-540-22940-X},
  bibsource = {DBLP, http://dblp.uni-trier.de}
}

@proceedings{DBLP:conf/aplas/2009,
  editor    = {Zhenjiang Hu},
  title     = {Programming Languages and Systems, 7th Asian Symposium,
               APLAS 2009, Seoul, Korea, December 14-16, 2009. Proceedings},
  booktitle = {APLAS},
  publisher = {Springer},
  series    = lncs,
  volume    = {5904},
  year      = {2009},
  isbn      = {978-3-642-10671-2},
  ee        = {http://dx.doi.org/10.1007/978-3-642-10672-9},
  bibsource = {DBLP, http://dblp.uni-trier.de}
}

@proceedings{DBLP:conf/concur/2008,
  editor    = {Franck van Breugel and
               Marsha Chechik},
  title     = {CONCUR 2008 - Concurrency Theory, 19th International Conference,
               CONCUR 2008, Toronto, Canada, August 19-22, 2008. Proceedings},
  booktitle = {CONCUR},
  publisher = {Springer},
  series    = lncs,
  volume    = {5201},
  year      = {2008},
  isbn      = {978-3-540-85360-2},
  bibsource = {DBLP, http://dblp.uni-trier.de}
}

@inproceedings{overlaid11,
  author    = {Oukseh Lee and
               Hongseok Yang and
               Rasmus Petersen},
  title     = {Program Analysis for Overlaid Data Structures},
  booktitle = {CAV},
  year      = {2011},
  pages     = {592-608},
  ee        = {http://dx.doi.org/10.1007/978-3-642-22110-1_48},
  crossref  = {DBLP:conf/cav/2011},
  bibsource = {DBLP, http://dblp.uni-trier.de}
}

@proceedings{DBLP:conf/cav/2011,
  editor    = {Ganesh Gopalakrishnan and
               Shaz Qadeer},
  title     = {Computer Aided Verification - 23rd International Conference,
               CAV 2011, Snowbird, UT, USA, July 14-20, 2011. Proceedings},
  booktitle = {CAV},
  publisher = {Springer},
  series    = {LNCS},
  volume    = {6806},
  year      = {2011},
  isbn      = {978-3-642-22109-5},
  ee        = {http://dx.doi.org/10.1007/978-3-642-22110-1},
  bibsource = {DBLP, http://dblp.uni-trier.de}
}

@inproceedings{ramified-frames-tldi10,
  author    = {Neel Krishnaswami and
               Lars Birkedal and
               Jonathan Aldrich},
  title     = {Verifying event-driven programs using ramified frame properties},
  booktitle = {TLDI},
  year      = {2010},
  pages     = {63-76},
  ee        = {http://doi.acm.org/10.1145/1708016.1708025},
  crossref  = {DBLP:conf/tldi/2010},
  bibsource = {DBLP, http://dblp.uni-trier.de}
}

@proceedings{DBLP:conf/tldi/2010,
  editor    = {Andrew Kennedy and
               Nick Benton},
  title     = {Proceedings of TLDI 2010: 2010 ACM SIGPLAN International
               Workshop on Types in Languages Design and Implementation,
               Madrid, Spain, January 23, 2010},
  booktitle = {TLDI},
  publisher = {ACM},
  year      = {2010},
  isbn      = {978-1-60558-891-9},
  bibsource = {DBLP, http://dblp.uni-trier.de}
}

@inproceedings{snapshot-tree-vstte12,
  author    = {Hannes Mehnert and
               Filip Sieczkowski and
               Lars Birkedal and
               Peter Sestoft},
  title     = {Formalized Verification of Snapshotable Trees: Separation
               and Sharing},
  booktitle = {VSTTE},
  year      = {2012},
  pages     = {179-195},
  ee        = {http://dx.doi.org/10.1007/978-3-642-27705-4_15},
  crossref  = {DBLP:conf/vstte/2012},
  bibsource = {DBLP, http://dblp.uni-trier.de}
}

@proceedings{DBLP:conf/vstte/2012,
  editor    = {Rajeev Joshi and
               Peter M{\"u}ller and
               Andreas Podelski},
  title     = {Verified Software: Theories, Tools, Experiments - 4th International
               Conference, VSTTE 2012, Philadelphia, PA, USA, January 28-29,
               2012. Proceedings},
  booktitle = {VSTTE},
  publisher = {Springer},
  series    = {LNCS},
  volume    = {7152},
  year      = {2012},
  isbn      = {978-3-642-27704-7},
  ee        = {http://dx.doi.org/10.1007/978-3-642-27705-4},
  bibsource = {DBLP, http://dblp.uni-trier.de}
}

@PhdThesis{yang-phd01,
  author = 	 {Hongseok Yang},
  title = 	 {Local Reasoning for Stateful Programs},
  school = 	 {University of Illinois},
  year = 	 {2001},
}

@inproceedings{biabduction,
  author    = {Cristiano Calcagno and
               Dino Distefano and
               Peter W. O'Hearn and
               Hongseok Yang},
  title     = {Compositional shape analysis by means of bi-abduction},
  booktitle = {POPL},
  year      = {2009},
  pages     = {289-300},
  ee        = {http://doi.acm.org/10.1145/1480881.1480917},
  crossref  = {DBLP:conf/popl/2009},
  bibsource = {DBLP, http://dblp.uni-trier.de}
}

@proceedings{DBLP:conf/popl/2009,
  editor    = {Zhong Shao and
               Benjamin C. Pierce},
  title     = {Proceedings of the 36th ACM SIGPLAN-SIGACT Symposium on
               Principles of Programming Languages, POPL 2009, Savannah,
               GA, USA, January 21-23, 2009},
  booktitle = {POPL},
  publisher = {ACM},
  year      = {2009},
  isbn      = {978-1-60558-379-2},
  bibsource = {DBLP, http://dblp.uni-trier.de}
}

@inproceedings{slcheney04,
  author    = {Lars Birkedal and
               Noah Torp-Smith and
               John C. Reynolds},
  title     = {Local reasoning about a copying garbage collector},
  booktitle = {POPL},
  year      = {2004},
  pages     = {220-231},
  ee        = {http://doi.acm.org/10.1145/964001.964020},
  crossref  = {DBLP:conf/popl/2004},
  bibsource = {DBLP, http://dblp.uni-trier.de}
}

@proceedings{DBLP:conf/popl/2004,
  editor    = {Neil D. Jones and
               Xavier Leroy},
  title     = {Proceedings of the 31st ACM SIGPLAN-SIGACT Symposium on
               Principles of Programming Languages, POPL 2004, Venice,
               Italy, January 14-16, 2004},
  booktitle = {POPL},
  publisher = {ACM},
  year      = {2004},
  isbn      = {1-58113-729-X},
  bibsource = {DBLP, http://dblp.uni-trier.de}
}

@article{pointerHO05,
  author    = {Farhad Mehta and
               Tobias Nipkow},
  title     = {Proving pointer programs in higher-order logic},
  journal   = {Inf. Comput.},
  volume    = {199},
  number    = {1-2},
  year      = {2005},
  pages     = {200-227},
  ee        = {http://dx.doi.org/10.1016/j.ic.2004.10.007},
  bibsource = {DBLP, http://dblp.uni-trier.de}
}

@PhDThesis{fingerPhD,
  title={Exploiting constraints in design synthesis},
  author={Finger, J.J.},
  year={1987},
  school={Stanford University}
}

@article{thielscher2001qualification,
  title={The qualification problem: A solution to the problem of anomalous models},
  author={Thielscher, M.},
  journal={Artificial Intelligence},
  volume={131},
  number={1},
  pages={1--37},
  year={2001},
  publisher={Elsevier}
}

@inproceedings{hobor10:approxsep,
  author={Aquinas Hobor and Robert Dockins and Andrew W. Appel},
  title={A Logical Mix of Approximation and Separation},
  booktitle={APLAS},
  publisher={Springer},
  series    = {ENTCS},
  pages={439--454},
  url="http://msl.cs.princeton.edu/logics.pdf",
  year=2010
}


@InProceedings{rey00dll,
  author = 	 {John C. Reynolds},
  title = 	 {Intuitionistic Reasoning about Shared Mutable Data Structure},
  booktitle = {Millennial Perspectives in Computer Science},
  year = 	 {2000},
  editor = 	 {Jim Davies and Bill Roscoe and Jim Woodcock},
  series = 	 {Cornerstones of Computing},
  publisher = {Palgrave Macmillan}
}

@inproceedings{nonblockingstack07,
  author    = {Matthew J. Parkinson and
               Richard Bornat and
               Peter W. O'Hearn},
  title     = {Modular verification of a non-blocking stack},
  booktitle = {POPL},
  year      = {2007},
  pages     = {297-302},
  ee        = {http://doi.acm.org/10.1145/1190216.1190261},
  crossref  = {DBLP:conf/popl/2007},
  bibsource = {DBLP, http://dblp.uni-trier.de}
}

@proceedings{DBLP:conf/popl/2007,
  editor    = {Martin Hofmann and
               Matthias Felleisen},
  title     = {Proceedings of the 34th ACM SIGPLAN-SIGACT Symposium on
               Principles of Programming Languages, POPL 2007, Nice, France,
               January 17-19, 2007},
  booktitle = {POPL},
  publisher = {ACM},
  year      = {2007},
  isbn      = {1-59593-575-4},
  ee        = {http://dl.acm.org/citation.cfm?id=1190216},
  bibsource = {DBLP, http://dblp.uni-trier.de}
}

@inproceedings{argentina09,
  author    = {Renato Cherini and
               Javier O. Blanco},
  title     = {Local reasoning for abstraction and sharing},
  booktitle = {SAC},
  year      = {2009},
  pages     = {552-557},
  ee        = {http://doi.acm.org/10.1145/1529282.1529402},
  crossref  = {DBLP:conf/sac/2009},
  bibsource = {DBLP, http://dblp.uni-trier.de}
}

@proceedings{DBLP:conf/sac/2009,
  editor    = {Sung Y. Shin and
               Sascha Ossowski},
  title     = {Proceedings of the 2009 ACM Symposium on Applied Computing
               (SAC), Honolulu, Hawaii, USA, March 9-12, 2009},
  booktitle = {SAC},
  publisher = {ACM},
  year      = {2009},
  isbn      = {978-1-60558-166-8},
  bibsource = {DBLP, http://dblp.uni-trier.de}
}

@inproceedings{argentina10,
  author    = {Renato Cherini and
               Lucas Rearte and
               Javier O. Blanco},
  title     = {A Shape Analysis for Non-linear Data Structures},
  booktitle = {SAS},
  year      = {2010},
  pages     = {201-217},
  ee        = {http://dx.doi.org/10.1007/978-3-642-15769-1_13},
  crossref  = {DBLP:conf/sas/2010},
  bibsource = {DBLP, http://dblp.uni-trier.de}
}

@proceedings{DBLP:conf/sas/2010,
  editor    = {Radhia Cousot and
               Matthieu Martel},
  title     = {Static Analysis - 17th International Symposium, SAS 2010,
               Perpignan, France, September 14-16, 2010. Proceedings},
  booktitle = {SAS},
  publisher = {Springer},
  series    = {LNCS},
  volume    = {6337},
  year      = {2010},
  isbn      = {978-3-642-15768-4},
  ee        = {http://dx.doi.org/10.1007/978-3-642-15769-1},
  bibsource = {DBLP, http://dblp.uni-trier.de}
}

@inproceedings{regionpaper,
  author    = {John M. Lucassen and
               David K. Gifford},
  title     = {Polymorphic Effect Systems},
  booktitle = {POPL},
  year      = {1988},
  pages     = {47-57}
}

@article{cheney,
  author    = {C. J. Cheney},
  title     = {A Nonrecursive List Compacting Algorithm},
  journal   = {C. ACM},
  volume    = {13},
  number    = {11},
  year      = {1970},
  pages     = {677-678},
  ee        = {http://doi.acm.org/10.1145/362790.362798},
  bibsource = {DBLP, http://dblp.uni-trier.de}
}

@inproceedings{cheney-marti06,
  author    = {Nicolas Marti and
               Reynald Affeldt and
               Akinori Yonezawa},
  title     = {Formal Verification of the Heap Manager of an Operating
               System Using Separation Logic},
  booktitle = {ICFEM},
  year      = {2006},
  pages     = {400-419},
  ee        = {http://dx.doi.org/10.1007/11901433_22},
  crossref  = {DBLP:conf/icfem/2006},
  bibsource = {DBLP, http://dblp.uni-trier.de}
}

@proceedings{DBLP:conf/icfem/2006,
  editor    = {Zhiming Liu and
               Jifeng He},
  title     = {Formal Methods and Software Engineering, 8th International
               Conference on Formal Engineering Methods, ICFEM 2006, Macao,
               China, November 1-3, 2006, Proceedings},
  booktitle = {ICFEM},
  publisher = {Springer},
  series    = {LNCS},
  volume    = {4260},
  year      = {2006},
  isbn      = {3-540-47460-9},
  bibsource = {DBLP, http://dblp.uni-trier.de}
}

@inproceedings{cheney-gast11,
  author    = {Holger Gast},
  title     = {Developer-Oriented Correctness Proofs - A Case Study of
               {C}heney's Algorithm},
  booktitle = {ICFEM},
  year      = {2011},
  pages     = {489-504},
  ee        = {http://dx.doi.org/10.1007/978-3-642-24559-6_33},
  crossref  = {DBLP:conf/icfem/2011},
  bibsource = {DBLP, http://dblp.uni-trier.de}
}

@proceedings{DBLP:conf/icfem/2011,
  editor    = {Shengchao Qin and
               Zongyan Qiu},
  title     = {Formal Methods and Software Engineering - 13th International
               Conference on Formal Engineering Methods, ICFEM 2011, Durham,
               UK, October 26-28, 2011. Proceedings},
  booktitle = {ICFEM},
  publisher = {Springer},
  series    = {LNCS},
  volume    = {6991},
  year      = {2011},
  isbn      = {978-3-642-24558-9},
  ee        = {http://dx.doi.org/10.1007/978-3-642-24559-6},
  bibsource = {DBLP, http://dblp.uni-trier.de}
}

@article{cheney-toplas08,
  author    = {Noah Torp-Smith and
               Lars Birkedal and
               John C. Reynolds},
  title     = {Local reasoning about a copying garbage collector},
  journal   = {ACM TOPLAS},
  volume    = {30},
  number    = {4},
  year      = {2008},
  ee        = {http://doi.acm.org/10.1145/1377492.1377499},
  bibsource = {DBLP, http://dblp.uni-trier.de}
}

@inproceedings{part-disjunt-heap-abs-sas04,
  author    = {Roman Manevich and
               Shmuel Sagiv and
               Ganesan Ramalingam and
               John Field},
  title     = {Partially Disjunctive Heap Abstraction},
  booktitle = {SAS},
  year      = {2004},
  pages     = {265-279},
  ee        = {http://dx.doi.org/10.1007/978-3-540-27864-1_20},
  crossref  = {DBLP:conf/sas/2004},
  bibsource = {DBLP, http://dblp.uni-trier.de}
}

@Misc{ramification:apx,
  author =	 {Aquinas Hobor and Jules Villard},
  title =	 {The Ramifications of Sharing in Data Structures},
  year =	 2012,
  note = {\url{http://www.cs.ucl.ac.uk/staff/J.Villard/popl13/ramifications-long.pdf}}
}

@proceedings{DBLP:conf/sas/2004,
  editor    = {Roberto Giacobazzi},
  title     = {Static Analysis, 11th International Symposium, SAS 2004,
               Verona, Italy, August 26-28, 2004, Proceedings},
  booktitle = {SAS},
  publisher = {Springer},
  series    = {LNCS},
  volume    = {3148},
  year      = {2004},
  isbn      = {3-540-22791-1},
  bibsource = {DBLP, http://dblp.uni-trier.de}
}

@inproceedings{field-constr-vmcai06,
  author    = {Thomas Wies and
               Viktor Kuncak and
               Patrick Lam and
               Andreas Podelski and
               Martin C. Rinard},
  title     = {Field Constraint Analysis},
  booktitle = {VMCAI},
  year      = {2006},
  pages     = {157-173},
  ee        = {http://dx.doi.org/10.1007/11609773_11},
  crossref  = {DBLP:conf/vmcai/2006},
  bibsource = {DBLP, http://dblp.uni-trier.de}
}

@proceedings{DBLP:conf/vmcai/2006,
  editor    = {E. Allen Emerson and
               Kedar S. Namjoshi},
  title     = {Verification, Model Checking, and Abstract Interpretation,
               7th International Conference, VMCAI 2006, Charleston, SC,
               USA, January 8-10, 2006, Proceedings},
  booktitle = {VMCAI},
  publisher = {Springer},
  series    = {LNCS},
  volume    = {3855},
  year      = {2006},
  isbn      = {3-540-31139-4},
  bibsource = {DBLP, http://dblp.uni-trier.de}
}

@article{relevant-conj,
  author    = {Alasdair Urquhart},
  title     = {Semantics for Relevant Logics},
  journal   = {J. Symb. Log.},
  volume    = {37},
  number    = {1},
  year      = {1972},
  pages     = {159-169},
  bibsource = {DBLP, http://dblp.uni-trier.de}
}

@Unpublished{rey-slnotes,
  author = 	 {John C. Reynolds},
  title = 	 {A Short Course on Separation Logic},
  year = 	 {2003},
  note = {\url{http://www.cs.cmu.edu/afs/cs.cmu.edu/project/fox-19/member/jcr/wwwaac2003/notes7.ps}},
  OPTannote = 	 {}
}

@inproceedings{js-popl12,
  author    = {Philippa Gardner and
               Sergio Maffeis and
               Gareth David Smith},
  title     = {Towards a program logic for {J}ava{S}cript},
  booktitle = {POPL},
  year      = {2012},
  pages     = {31-44},
  ee        = {http://doi.acm.org/10.1145/2103656.2103663},
  crossref  = {DBLP:conf/popl/2012},
  bibsource = {DBLP, http://dblp.uni-trier.de}
}

@proceedings{DBLP:conf/popl/2012,
  editor    = {John Field and
               Michael Hicks},
  title     = {Proceedings of the 39th ACM SIGPLAN-SIGACT Symposium on
               Principles of Programming Languages, POPL 2012, Philadelphia,
               Pennsylvania, USA, January 22-28, 2012},
  booktitle = {POPL},
  publisher = {ACM},
  year      = {2012},
  isbn      = {978-1-4503-1083-3},
  ee        = {http://dl.acm.org/citation.cfm?id=2103656},
  bibsource = {DBLP, http://dblp.uni-trier.de}
}

@inproceedings{Dafny,
  author    = {K. Rustan M. Leino},
  title     = {Dafny: An Automatic Program Verifier for Functional Correctness},
  booktitle = {LPAR},
  year      = {2010},
  pages     = {348-370},
  ee        = {http://dx.doi.org/10.1007/978-3-642-17511-4_20},
  crossref  = {DBLP:conf/lpar/2010d},
  bibsource = {DBLP, http://dblp.uni-trier.de}
}

@proceedings{DBLP:conf/lpar/2010d,
  editor    = {Edmund M. Clarke and
               Andrei Voronkov},
  title     = {Logic for Programming, Artificial Intelligence, and Reasoning
               - 16th International Conference, LPAR-16, Dakar, Senegal,
               April 25-May 1, 2010, Revised Selected Papers},
  booktitle = {LPAR},
  publisher = {Springer},
  series    = {LNCS},
  volume    = {6355},
  year      = {2010},
  isbn      = {978-3-642-17510-7},
  ee        = {http://dx.doi.org/10.1007/978-3-642-17511-4},
  bibsource = {DBLP, http://dblp.uni-trier.de}
}

@inproceedings{pointer-Hoare-2000,
  author    = {Richard Bornat},
  title     = {Proving Pointer Programs in {H}oare Logic},
  booktitle = {MPC},
  year      = {2000},
  pages     = {102-126},
  ee        = {http://dx.doi.org/10.1007/10722010_8},
  crossref  = {DBLP:conf/mpc/2000},
  bibsource = {DBLP, http://dblp.uni-trier.de}
}

@proceedings{DBLP:conf/mpc/2000,
  editor    = {Roland Carl Backhouse and
               Jos{\'e} Nuno Oliveira},
  title     = {Mathematics of Program Construction, 5th International Conference,
               MPC 2000, Ponte de Lima, Portugal, July 3-5, 2000, Proceedings},
  booktitle = {MPC},
  publisher = {Springer},
  series    = {LNCS},
  volume    = {1837},
  year      = {2000},
  isbn      = {3-540-67727-5},
  bibsource = {DBLP, http://dblp.uni-trier.de}
}

@inproceedings{lrg,
  author    = {Xinyu Feng},
  title     = {Local rely-guarantee reasoning},
  booktitle = {POPL},
  year      = {2009},
  pages     = {315-327},
  ee        = {http://doi.acm.org/10.1145/1480881.1480922},
  crossref  = {DBLP:conf/popl/2009},
  bibsource = {DBLP, http://dblp.uni-trier.de}
}

@proceedings{DBLP:conf/popl/2009,
  editor    = {Zhong Shao and
               Benjamin C. Pierce},
  title     = {Proceedings of the 36th ACM SIGPLAN-SIGACT Symposium on
               Principles of Programming Languages, POPL 2009, Savannah,
               GA, USA, January 21-23, 2009},
  booktitle = {POPL},
  publisher = {ACM},
  year      = {2009},
  isbn      = {978-1-60558-379-2},
  ee        = {http://dl.acm.org/citation.cfm?id=1480881},
  bibsource = {DBLP, http://dblp.uni-trier.de}
}

@inproceedings{dg,
  author    = {Mike Dodds and
               Xinyu Feng and
               Matthew J. Parkinson and
               Viktor Vafeiadis},
  title     = {Deny-Guarantee Reasoning},
  booktitle = {ESOP},
  year      = {2009},
  pages     = {363-377},
  ee        = {http://dx.doi.org/10.1007/978-3-642-00590-9_26},
  crossref  = {DBLP:conf/esop/2009},
  bibsource = {DBLP, http://dblp.uni-trier.de}
}

@proceedings{DBLP:conf/esop/2009,
  editor    = {Giuseppe Castagna},
  title     = {Programming Languages and Systems, 18th European Symposium
               on Programming, ESOP 2009, Held as Part of the Joint European
               Conferences on Theory and Practice of Software, ETAPS 2009,
               York, UK, March 22-29, 2009. Proceedings},
  booktitle = {ESOP},
  publisher = {Springer},
  series    = {Lecture Notes in Computer Science},
  volume    = {5502},
  year      = {2009},
  isbn      = {978-3-642-00589-3},
  ee        = {http://dx.doi.org/10.1007/978-3-642-00590-9},
  bibsource = {DBLP, http://dblp.uni-trier.de}
}


@inproceedings{icap,
  author    = {Kasper Svendsen and
               Lars Birkedal},
  title     = {Impredicative Concurrent Abstract Predicates},
  booktitle = {ESOP},
  year      = {2014},
  pages     = {149-168},
  ee        = {http://dx.doi.org/10.1007/978-3-642-54833-8_9},
  crossref  = {DBLP:conf/esop/2014},
  bibsource = {DBLP, http://dblp.uni-trier.de}
}

@proceedings{DBLP:conf/esop/2014,
  editor    = {Zhong Shao},
  title     = {Programming Languages and Systems - 23rd European Symposium
               on Programming, ESOP 2014, Held as Part of the European
               Joint Conferences on Theory and Practice of Software, ETAPS
               2014, Grenoble, France, April 5-13, 2014, Proceedings},
  booktitle = {ESOP},
  publisher = {Springer},
  series    = {Lecture Notes in Computer Science},
  volume    = {8410},
  year      = {2014},
  isbn      = {978-3-642-54832-1},
  ee        = {http://dx.doi.org/10.1007/978-3-642-54833-8},
  bibsource = {DBLP, http://dblp.uni-trier.de}
}

@inproceedings{ramification,
  author    = {Aquinas Hobor and
               Jules Villard},
  title     = {The ramifications of sharing in data structures},
  booktitle = {POPL},
  year      = {2013},
  pages     = {523-536},
}

@inproceedings{tada,
  author    = {da Rocha Pinto, Pedro and Dinsdale-Young, Thomas and Gardner, Philippa},
  title     = {{TaDA}: A Logic for Time and Data Abstraction},
  booktitle = {ECOOP},
  year      = {2014},
}

@inproceedings{views,
  author    = {Thomas Dinsdale-Young and
               Lars Birkedal and
               Philippa Gardner and
               Matthew J. Parkinson and
               Hongseok Yang},
  title     = {Views: compositional reasoning for concurrent programs},
  booktitle = {POPL},
  year      = {2013},
  pages     = {287-300},
}

@proceedings{DBLP:conf/popl/2013,
  editor    = {Roberto Giacobazzi and
               Radhia Cousot},
  title     = {The 40th Annual ACM SIGPLAN-SIGACT Symposium on Principles
               of Programming Languages, POPL '13, Rome, Italy - January
               23 - 25, 2013},
  booktitle = {POPL},
  publisher = {ACM},
  year      = {2013},
  isbn      = {978-1-4503-1832-7},
  ee        = {http://dl.acm.org/citation.cfm?id=2429069},
  bibsource = {DBLP, http://dblp.uni-trier.de}
}

@inproceedings{gareth-js12,
  author    = {Philippa Gardner and
               Sergio Maffeis and
               Gareth David Smith},
  title     = {Towards a program logic for {JavaScript}},
  booktitle = {POPL},
  year      = {2012},
  pages     = {31-44},
  ee        = {http://doi.acm.org/10.1145/2103656.2103663},
  crossref  = {DBLP:conf/popl/2012},
  bibsource = {DBLP, http://dblp.uni-trier.de}
}

@article{dijkstra74,
  author    = {Edsger W. Dijkstra},
  title     = {Self-stabilizing Systems in Spite of Distributed Control},
  journal   = {Commun. ACM},
  volume    = {17},
  number    = {11},
  year      = {1974},
  pages     = {643-644},
  ee        = {http://doi.acm.org/10.1145/361179.361202},
  bibsource = {DBLP, http://dblp.uni-trier.de}
}


@article{caresl,
 author = {Turon, Aaron and Dreyer, Derek and Birkedal, Lars},
 title = {Unifying Refinement and Hoare-style Reasoning in a Logic for Higher-order Concurrency},
 journal = {SIGPLAN Not.},
 issue_date = {2013},
 volume = {48},
 number = {9},
 month = sep,
 year = {2013},
 issn = {0362-1340},
 pages = {377--390},
 numpages = {14},
 url = {http://doi.acm.org/10.1145/2544174.2500600},
 doi = {10.1145/2544174.2500600},
 acmid = {2500600},
 publisher = {ACM},
 address = {New York, NY, USA},
 keywords = {contextual refinement, fine-grained concurrency, higher-order functions, kripke logical relations, separation logic},
}

@Unpublished{colosl-tr14,
  author = 	 {Raad, Azalea and Villard, Jules and Gardner, Philippa},
  title = 	 {{CoLoSL}: {C}oncurrent {L}ocal {S}ubjective {L}ogic},
  note = 	 {\url{http://www.doc.ic.ac.uk/~azalea/ESOP2015/CoLoSL-TR.pdf}},
  year = 	 {2014},
}

@inproceedings{SCSL,
 author = {Ley-Wild, Ruy and Nanevski, Aleksandar},
 title = {Subjective Auxiliary State for Coarse-grained Concurrency},
 booktitle = {POPL},
 year = {2013},
 pages = {561--574},
 numpages = {14},
 publisher = {ACM},
}
